@comment{%=+=+=+=+=+=+=+=+=+=+=+=+=+=+=+=+=+=+=+=+=+=+=+=+=+=+=+=+=+=+=+=+=+=+=+=+=+=+
% References
%=+=+=+=+=+=+=+=+=+=+=+=+=+=+=+=+=+=+=+=+=+=+=+=+=+=+=+=+=+=+=+=+=+=+=+=+=+=+}

@comment{This file was created by bibmanager
https://pcubillos.github.io/bibmanager/}

@string{june = {June}}

@article{1963PhRvL..11..237K,
 adsnote = {Provided by the SAO/NASA Astrophysics Data System},
 adsurl = {https://ui.adsabs.harvard.edu/abs/1963PhRvL..11..237K},
 author = {{Kerr}, Roy P.},
 doi = {10.1103/PhysRevLett.11.237},
 journal = {\prl},
 month = {September},
 number = {5},
 pages = {237-238},
 title = {{Gravitational Field of a Spinning Mass as an Example of Algebraically Special Metrics}},
 volume = {11},
 year = {1963}
}

@ARTICLE{2016MNRAS.460..130V,
       author = {{Villar-Mart{\'\i}n}, M. and {Arribas}, S. and {Emonts}, B. and {Humphrey}, A. and {Tadhunter}, C. and {Bessiere}, P. and {Cabrera Lavers}, A. and {Ramos Almeida}, C.},
        title = "{Ionized outflows in luminous type 2 AGNs at z < 0.6: no evidence for significant impact on the host galaxies}",
      journal = {\mnras},
     keywords = {galaxies: active, galaxies: evolution, quasars: emission lines, quasars: general, Astrophysics - Astrophysics of Galaxies},
         year = 2016,
        month = jul,
       volume = {460},
       number = {1},
        pages = {130-162},
          doi = {10.1093/mnras/stw901},
archivePrefix = {arXiv},
       eprint = {1604.04577},
 primaryClass = {astro-ph.GA},
       adsurl = {https://ui.adsabs.harvard.edu/abs/2016MNRAS.460..130V},
      adsnote = {Provided by the SAO/NASA Astrophysics Data System}
}

@ARTICLE{2015MNRAS.454.4452H,
       author = {{Humphrey}, A. and {Villar-Mart{\'\i}n}, M. and {Ramos Almeida}, C. and {Tadhunter}, C.~N. and {Arribas}, S. and {Bessiere}, P.~S. and {Cabrera-Lavers}, A.},
        title = "{VLT FORS2 optical imaging and spectroscopy of nine luminous type 2 AGN at 0.3 < z < 0.6 - I. Ionized gas nebulae}",
      journal = {\mnras},
     keywords = {galaxies: active, galaxies: evolution, galaxies: interactions, galaxies: ISM, galaxies: nuclei, quasars: emission lines, Astrophysics - Astrophysics of Galaxies},
         year = 2015,
        month = dec,
       volume = {454},
       number = {4},
        pages = {4452-4466},
          doi = {10.1093/mnras/stv2177},
archivePrefix = {arXiv},
       eprint = {1509.07432},
 primaryClass = {astro-ph.GA},
       adsurl = {https://ui.adsabs.harvard.edu/abs/2015MNRAS.454.4452H},
      adsnote = {Provided by the SAO/NASA Astrophysics Data System}
}

@article{1973A&A....24..337S,
 adsnote = {Provided by the SAO/NASA Astrophysics Data System},
 adsurl = {https://ui.adsabs.harvard.edu/abs/1973A&A....24..337S},
 author = {{Shakura}, N.~I. and {Sunyaev}, R.~A.},
 journal = {\aap},
 month = {June},
 pages = {33-51},
 title = {{Reprint of 1973A\&A....24..337S. Black holes in binary systems. Observational appearance.}},
 volume = {500},
 year = {1973}
}

@ARTICLE{2015ApJ...803...34B,
       author = {{Bouwens}, R.~J. and {Illingworth}, G.~D. and {Oesch}, P.~A. and {Trenti}, M. and {Labb{\'e}}, I. and {Bradley}, L. and {Carollo}, M. and {van Dokkum}, P.~G. and {Gonzalez}, V. and {Holwerda}, B. and {Franx}, M. and {Spitler}, L. and {Smit}, R. and {Magee}, D.},
        title = "{UV Luminosity Functions at Redshifts z {\ensuremath{\sim}} 4 to z {\ensuremath{\sim}} 10: 10,000 Galaxies from HST Legacy Fields}",
      journal = {\apj},
     keywords = {galaxies: evolution, galaxies: high-redshift, Astrophysics - Cosmology and Nongalactic Astrophysics, Astrophysics - Astrophysics of Galaxies},
         year = 2015,
        month = apr,
       volume = {803},
       number = {1},
          eid = {34},
        pages = {34},
          doi = {10.1088/0004-637X/803/1/34},
archivePrefix = {arXiv},
       eprint = {1403.4295},
 primaryClass = {astro-ph.CO},
       adsurl = {https://ui.adsabs.harvard.edu/abs/2015ApJ...803...34B},
      adsnote = {Provided by the SAO/NASA Astrophysics Data System}
}

@article{1974MNRAS.169..229L,
 adsnote = {Provided by the SAO/NASA Astrophysics Data System},
 adsurl = {https://ui.adsabs.harvard.edu/abs/1974MNRAS.169..229L},
 author = {{Larson}, Richard B.},
 doi = {10.1093/mnras/169.2.229},
 journal = {\mnras},
 month = {November},
 pages = {229-246},
 title = {{Effects of supernovae on the early evolution of galaxies}},
 volume = {169},
 year = {1974}
}

@article{1977ApJ...213..635R,
 adsnote = {Provided by the SAO/NASA Astrophysics Data System},
 adsurl = {https://ui.adsabs.harvard.edu/abs/1977ApJ...213..635R},
 author = {{Rowan-Robinson}, M.},
 doi = {10.1086/155195},
 journal = {\apj},
 keywords = {Astronomical Models, Galactic Nuclei, Probability Distribution Functions, Quasars, Radio Galaxies, Seyfert Galaxies, Spiral Galaxies, Astrophysics, Elliptical Galaxies, Galactic Evolution, Galactic Structure, Infrared Radiation, Radiant Flux Density, Radio Sources (Astronomy), Astrophysics},
 month = {May},
 pages = {635-647},
 title = {{On the unity of activity in galaxies.}},
 volume = {213},
 year = {1977}
}

@article{1978MNRAS.183..341W,
 adsnote = {Provided by the SAO/NASA Astrophysics Data System},
 adsurl = {https://ui.adsabs.harvard.edu/abs/1978MNRAS.183..341W},
 author = {{White}, S.~D.~M. and {Rees}, M.~J.},
 doi = {10.1093/mnras/183.3.341},
 journal = {\mnras},
 keywords = {Astronomical Models, Galactic Clusters, Galactic Evolution, Galactic Nuclei, Gravitational Effects, Halos, Critical Mass, Dark Matter, Dynamic Models, Interstellar Gas, Luminosity, Many Body Problem, Red Shift, Astrophysics, Formation:Galaxies},
 month = {May},
 pages = {341-358},
 title = {{Core condensation in heavy halos: a two-stage theory for galaxy formation and clustering.}},
 volume = {183},
 year = {1978}
}

@book{1983bhwd.book.....S,
 adsnote = {Provided by the SAO/NASA Astrophysics Data System},
 adsurl = {https://ui.adsabs.harvard.edu/abs/1983bhwd.book.....S},
 author = {{Shapiro}, Stuart L. and {Teukolsky}, Saul A.},
 title = {{Black holes, white dwarfs, and neutron stars : the physics of compact objects}},
 year = {1983}
}

@article{1984ApJ...278..499A,
 adsnote = {Provided by the SAO/NASA Astrophysics Data System},
 adsurl = {https://ui.adsabs.harvard.edu/abs/1984ApJ...278..499A},
 author = {{Antonucci}, R.~R.~J.},
 doi = {10.1086/161816},
 journal = {\apj},
 keywords = {Astronomical Spectroscopy, Optical Polarization, Polarimetry, Quasars, Radio Galaxies, Seyfert Galaxies, Emission Spectra, Variability, Astronomy},
 month = {March},
 pages = {499-520},
 title = {{Optical spectropolarimetry of radio galaxies.}},
 volume = {278},
 year = {1984}
}

@article{1984ARA&A..22..471R,
 adsnote = {Provided by the SAO/NASA Astrophysics Data System},
 adsurl = {https://ui.adsabs.harvard.edu/abs/1984ARA&A..22..471R},
 author = {{Rees}, Martin J.},
 doi = {10.1146/annurev.aa.22.090184.002351},
 journal = {\araa},
 month = {January},
 pages = {471-506},
 title = {{Black Hole Models for Active Galactic Nuclei}},
 volume = {22},
 year = {1984}
}

@article{1985ApJ...297..621A,
 adsnote = {Provided by the SAO/NASA Astrophysics Data System},
 adsurl = {https://ui.adsabs.harvard.edu/abs/1985ApJ...297..621A},
 author = {{Antonucci}, R.~R.~J. and {Miller}, J.~S.},
 doi = {10.1086/163559},
 journal = {\apj},
 keywords = {Galactic Nuclei, Polarimetry, Seyfert Galaxies, Balmer Series, Circular Polarization, Emission Spectra, Iron, Line Spectra, Oxygen, Astrophysics},
 month = {October},
 pages = {621-632},
 title = {{Spectropolarimetry and the nature of NGC 1068.}},
 volume = {297},
 year = {1985}
}

@article{1986ApJ...303...39D,
 adsnote = {Provided by the SAO/NASA Astrophysics Data System},
 adsurl = {https://ui.adsabs.harvard.edu/abs/1986ApJ...303...39D},
 author = {{Dekel}, A. and {Silk}, J.},
 doi = {10.1086/164050},
 journal = {\apj},
 keywords = {Abundance, Cold Plasmas, Dark Matter, Dwarf Galaxies, Galactic Evolution, Stellar Winds, Virgo Galactic Cluster, Big Bang Cosmology, Galactic Structure, Local Group (Astronomy), Mass To Light Ratios, Stellar Evolution, Supernovae, Astrophysics, COSMOLOGY, GALAXIES: CLUSTERING, GALAXIES: FORMATION, GALAXIES: INTERNAL MOTIONS, GALAXIES: STRUCTURE},
 month = {April},
 pages = {39},
 title = {{The Origin of Dwarf Galaxies, Cold Dark Matter, and Biased Galaxy Formation}},
 volume = {303},
 year = {1986}
}

@article{1991ApJ...379...52W,
 adsnote = {Provided by the SAO/NASA Astrophysics Data System},
 adsurl = {https://ui.adsabs.harvard.edu/abs/1991ApJ...379...52W},
 author = {{White}, Simon D.~M. and {Frenk}, Carlos S.},
 doi = {10.1086/170483},
 journal = {\apj},
 keywords = {Galactic Clusters, Galactic Evolution, Galactic Structure, Star Distribution, Star Formation, Analytic Functions, Brightness Distribution, Cosmology, Dark Matter, Halos, Numerical Analysis, Astrophysics, GALAXIES: CLUSTERING, GALAXIES: FORMATION, GALAXIES: STELLAR CONTENT, GALAXIES: STRUCTURE},
 month = {September},
 pages = {52},
 title = {{Galaxy Formation through Hierarchical Clustering}},
 volume = {379},
 year = {1991}
}

@article{1992ARA&A..30..575C,
 adsnote = {Provided by the SAO/NASA Astrophysics Data System},
 adsurl = {https://ui.adsabs.harvard.edu/abs/1992ARA&A..30..575C},
 author = {{Condon}, J.~J.},
 doi = {10.1146/annurev.aa.30.090192.003043},
 journal = {\araa},
 keywords = {Cosmic Rays, Radio Emission, Radio Sources (Astronomy), Star Formation, Starburst Galaxies, Synchrotron Radiation, Black Holes (Astronomy), H Ii Regions, Infrared Radiation, Relativistic Particles, Astrophysics},
 month = {January},
 pages = {575-611},
 title = {{Radio emission from normal galaxies.}},
 volume = {30},
 year = {1992}
}

@article{1992MNRAS.259..413S,
 adsnote = {Provided by the SAO/NASA Astrophysics Data System},
 adsurl = {https://ui.adsabs.harvard.edu/abs/1992MNRAS.259..413S},
 author = {{Sutherland}, Will and {Saunders}, Will},
 doi = {10.1093/mnras/259.3.413},
 journal = {\mnras},
 keywords = {Likelihood Ratio, Radio Astronomy, Radio Galaxies, Radio Sources (Astronomy), Identifying, Sky Surveys (Astronomy), Astronomy},
 month = {Dec},
 pages = {413-420},
 title = {{On the likelihood ratio for source identification.}},
 volume = {259},
 year = {1992}
}

@article{1993ARA&A..31..473A,
 adsnote = {Provided by the SAO/NASA Astrophysics Data System},
 adsurl = {https://ui.adsabs.harvard.edu/abs/1993ARA&A..31..473A},
 author = {{Antonucci}, Robert},
 doi = {10.1146/annurev.aa.31.090193.002353},
 journal = {\araa},
 keywords = {Active Galactic Nuclei, Astronomical Polarimetry, Quasars, Radio Galaxies, Astronomical Spectroscopy, Bl Lacertae Objects, Blazars, Astrophysics},
 month = {January},
 pages = {473-521},
 title = {{Unified models for active galactic nuclei and quasars.}},
 volume = {31},
 year = {1993}
}

@article{1995PASP..107..803U,
 adsnote = {Provided by the SAO/NASA Astrophysics Data System},
 adsurl = {https://ui.adsabs.harvard.edu/abs/1995PASP..107..803U},
 archiveprefix = {arXiv},
 author = {{Urry}, C. Megan and {Padovani}, Paolo},
 doi = {10.1086/133630},
 eprint = {astro-ph/9506063},
 journal = {\pasp},
 keywords = {GALAXIES: ACTIVE, GALAXIES: FUNDAMENTAL PARAMETERS, Astrophysics},
 month = {September},
 pages = {803},
 primaryclass = {astro-ph},
 title = {{Unified Schemes for Radio-Loud Active Galactic Nuclei}},
 volume = {107},
 year = {1995}
}

@article{1996AJ....112..839C,
 adsnote = {Provided by the SAO/NASA Astrophysics Data System},
 adsurl = {https://ui.adsabs.harvard.edu/abs/1996AJ....112..839C},
 archiveprefix = {arXiv},
 author = {{Cowie}, Lennox L. and {Songaila}, Antoinette and {Hu}, Esther M. and
{Cohen}, J.~G.},
 doi = {10.1086/118058},
 eprint = {astro-ph/9606079},
 journal = {\aj},
 keywords = {GALAXIES: FORMATION, GALAXIES: EVOLUTION, SURVEYS, Astrophysics},
 month = {Sep},
 pages = {839},
 primaryclass = {astro-ph},
 title = {{New Insight on Galaxy Formation and Evolution From Keck Spectroscopy of the Hawaii Deep Fields}},
 volume = {112},
 year = {1996}
}

@article{1996ARA&A..34..749S,
 adsnote = {Provided by the SAO/NASA Astrophysics Data System},
 adsurl = {https://ui.adsabs.harvard.edu/abs/1996ARA&A..34..749S},
 author = {{Sanders}, D.~B. and {Mirabel}, I.~F.},
 doi = {10.1146/annurev.astro.34.1.749},
 journal = {\araa},
 month = {January},
 pages = {749},
 title = {{Luminous Infrared Galaxies}},
 volume = {34},
 year = {1996}
}

@article{1998A&A...331L...1S,
 adsnote = {Provided by the SAO/NASA Astrophysics Data System},
 adsurl = {https://ui.adsabs.harvard.edu/abs/1998A&A...331L...1S},
 archiveprefix = {arXiv},
 author = {{Silk}, Joseph and {Rees}, Martin J.},
 eprint = {astro-ph/9801013},
 journal = {\aap},
 keywords = {GALAXY FORMATION: SUPERMASSIVE BLACK HOLES, QUASARS: OUTFLOWS, Astrophysics},
 month = {March},
 pages = {L1-L4},
 primaryclass = {astro-ph},
 title = {{Quasars and galaxy formation}},
 volume = {331},
 year = {1998}
}

@article{1998ARA&A..36..189K,
 adsnote = {Provided by the SAO/NASA Astrophysics Data System},
 adsurl = {http://adsabs.harvard.edu/abs/1998ARA%26A..36..189K},
 author = {{Kennicutt}, Jr., R.~C.},
 doi = {10.1146/annurev.astro.36.1.189},
 eprint = {astro-ph/9807187},
 journal = {\araa},
 pages = {189-232},
 title = {{Star Formation in Galaxies Along the Hubble Sequence}},
 volume = {36},
 year = {1998}
}

@article{1998MNRAS.293L..49B,
 adsnote = {Provided by the SAO/NASA Astrophysics Data System},
 adsurl = {http://adsabs.harvard.edu/abs/1998MNRAS.293L..49B},
 author = {{Boyle}, B.~J. and {Terlevich}, R.~J.},
 doi = {10.1046/j.1365-8711.1998.01264.x},
 eprint = {astro-ph/9710134},
 journal = {\mnras},
 keywords = {Cosmology, Quasars, Luminous Intensity, Star Formation, Active Galaxies, Starburst Galaxies, Statistical Analysis, Red Shift},
 month = {January},
 pages = {L49-L51},
 title = {{The cosmological evolution of the QSO luminosity density and of the star formation rate}},
 volume = {293},
 year = {1998}
}

@article{1999AJ....117...68S,
 adsnote = {Provided by the SAO/NASA Astrophysics Data System},
 adsurl = {https://ui.adsabs.harvard.edu/abs/1999AJ....117...68S},
 archiveprefix = {arXiv},
 author = {{Szalay}, Alexander S. and {Connolly}, Andrew J. and {Szokoly}, Gyula P.},
 doi = {10.1086/300689},
 eprint = {astro-ph/9811086},
 journal = {\aj},
 keywords = {COSMOLOGY: OBSERVATIONS, GALAXIES: FUNDAMENTAL PARAMETERS, GALAXIES: PHOTOMETRY, TECHNIQUES: PHOTOMETRIC, Astrophysics},
 month = {Jan},
 number = {1},
 pages = {68-74},
 primaryclass = {astro-ph},
 title = {{Simultaneous Multicolor Detection of Faint Galaxies in the Hubble Deep Field}},
 volume = {117},
 year = {1999}
}

@article{2000A&A...363..476B,
 adsnote = {Provided by the SAO/NASA Astrophysics Data System},
 adsurl = {https://ui.adsabs.harvard.edu/abs/2000A&A...363..476B},
 archiveprefix = {arXiv},
 author = {{Bolzonella}, M. and {Miralles}, J. -M. and {Pell{\'o}}, R.},
 eprint = {astro-ph/0003380},
 journal = {\aap},
 keywords = {GALAXIES: DISTANCES AND REDSHIFTS, GALAXIES: GENERAL, METHODS: DATA ANALYSIS, TECHNIQUES: PHOTOMETRIC, Astrophysics},
 month = {Nov},
 pages = {476-492},
 primaryclass = {astro-ph},
 title = {{Photometric redshifts based on standard SED fitting procedures}},
 volume = {363},
 year = {2000}
}

@article{2000ApJ...533..682C,
 adsnote = {Provided by the SAO/NASA Astrophysics Data System},
 adsurl = {http://adsabs.harvard.edu/abs/2000ApJ...533..682C},
 author = {{Calzetti}, D. and {Armus}, L. and {Bohlin}, R.~C. and {Kinney}, A.~L. and
{Koornneef}, J. and {Storchi-Bergmann}, T.},
 doi = {10.1086/308692},
 eprint = {astro-ph/9911459},
 journal = {\apj},
 keywords = {GALAXIES: STARBURST, INFRARED: GALAXIES, INFRARED: ISM: CONTINUUM, ISM: DUST, EXTINCTION},
 month = {April},
 pages = {682-695},
 title = {{The Dust Content and Opacity of Actively Star-forming Galaxies}},
 volume = {533},
 year = {2000}
}

@article{2001Ap&SS.276..957C,
 adsnote = {Provided by the SAO/NASA Astrophysics Data System},
 adsurl = {https://ui.adsabs.harvard.edu/abs/2001Ap&SS.276..957C},
 author = {{Ciliegi}, Paolo and {Gruppioni}, Carlotta and {McMahon}, Richard and
{Rowan-Robinson}, Michhael},
 doi = {10.1023/A:1017547508293},
 journal = {\apss},
 month = {Mar},
 pages = {957-964},
 title = {{A deep radio survey in the ISO-ELAIS fields: optical identification with the APM catalogue/atl\&gt;}},
 volume = {276},
 year = {2001}
}

@article{2001ApJ...556..562C,
 adsnote = {Provided by the SAO/NASA Astrophysics Data System},
 adsurl = {http://adsabs.harvard.edu/abs/2001ApJ...556..562C},
 author = {{Chary}, R. and {Elbaz}, D.},
 doi = {10.1086/321609},
 eprint = {astro-ph/0103067},
 journal = {\apj},
 keywords = {Cosmology: Diffuse Radiation, Galaxies: Evolution, Infrared: Galaxies},
 month = {August},
 pages = {562-581},
 title = {{Interpreting the Cosmic Infrared Background: Constraints on the Evolution of the Dust-enshrouded Star Formation Rate}},
 volume = {556},
 year = {2001}
}

@article{2002MNRAS.329..355A,
 adsnote = {Provided by the SAO/NASA Astrophysics Data System},
 adsurl = {https://ui.adsabs.harvard.edu/abs/2002MNRAS.329..355A},
 archiveprefix = {arXiv},
 author = {{Arnouts}, S. and {Moscardini}, L. and {Vanzella}, E. and {Colombi}, S. and
{Cristiani}, S. and {Fontana}, A. and {Giallongo}, E. and
{Matarrese}, S. and {Saracco}, P.},
 doi = {10.1046/j.1365-8711.2002.04988.x},
 eprint = {astro-ph/0109453},
 journal = {\mnras},
 keywords = {GALAXIES: EVOLUTION, GALAXIES: HALOES, GALAXIES: FORMATION, COSMOLOGY: OBSERVATIONS, LARGE-SCALE STRUCTURE OF UNIVERSE, Astrophysics},
 month = {Jan},
 number = {2},
 pages = {355-366},
 primaryclass = {astro-ph},
 title = {{Measuring the redshift evolution of clustering: the Hubble Deep Field South}},
 volume = {329},
 year = {2002}
}

@article{2003ApJ...585L.117B,
 adsnote = {Provided by the SAO/NASA Astrophysics Data System},
 adsurl = {https://ui.adsabs.harvard.edu/abs/2003ApJ...585L.117B},
 archiveprefix = {arXiv},
 author = {{Bell}, Eric F. and {McIntosh}, Daniel H. and {Katz}, Neal and
{Weinberg}, Martin D.},
 doi = {10.1086/374389},
 eprint = {astro-ph/0301616},
 journal = {\apjl},
 keywords = {Galaxies: General, Galaxies: ISM, Galaxies: Luminosity Function, Mass Function, Galaxies: Stellar Content, Astrophysics},
 month = {Mar},
 number = {2},
 pages = {L117-L120},
 primaryclass = {astro-ph},
 title = {{A First Estimate of the Baryonic Mass Function of Galaxies}},
 volume = {585},
 year = {2003}
}

@article{2003MNRAS.344.1000B,
 adsnote = {Provided by the SAO/NASA Astrophysics Data System},
 adsurl = {http://adsabs.harvard.edu/abs/2003MNRAS.344.1000B},
 author = {{Bruzual}, G. and {Charlot}, S.},
 doi = {10.1046/j.1365-8711.2003.06897.x},
 eprint = {astro-ph/0309134},
 journal = {\mnras},
 keywords = {stars: evolution, galaxies: evolution, galaxies: formation, galaxies: stellar content},
 month = {October},
 pages = {1000-1028},
 title = {{Stellar population synthesis at the resolution of 2003}},
 volume = {344},
 year = {2003}
}

@article{2003PASP..115..763C,
 adsnote = {Provided by the SAO/NASA Astrophysics Data System},
 adsurl = {http://adsabs.harvard.edu/abs/2003PASP..115..763C},
 author = {{Chabrier}, G.},
 doi = {10.1086/376392},
 eprint = {astro-ph/0304382},
 journal = {\pasp},
 keywords = {Galaxies: Luminosity Function, Mass Function, Invited Reviews},
 month = {July},
 pages = {763-795},
 title = {{Galactic Stellar and Substellar Initial Mass Function}},
 volume = {115},
 year = {2003}
}

@article{2004AJ....127.1405C,
 adsnote = {Provided by the SAO/NASA Astrophysics Data System},
 adsurl = {https://ui.adsabs.harvard.edu/abs/2004AJ....127.1405C},
 archiveprefix = {arXiv},
 author = {{Calzetti}, Daniela and {Harris}, Jason and {Gallagher}, John S., III and {Smith}, Denise A. and {Conselice}, Christopher J. and {Homeier}, Nicole and {Kewley}, Lisa},
 doi = {10.1086/382095},
 eprint = {astro-ph/0312385},
 journal = {\aj},
 keywords = {Galaxies: ISM, Galaxies: Interactions, Galaxies: Starburst, ISM: Structure, Astrophysics},
 month = {March},
 number = {3},
 pages = {1405-1430},
 primaryclass = {astro-ph},
 title = {{The Ionized Gas in Local Starburst Galaxies: Global and Small-Scale Feedback from Star Formation}},
 volume = {127},
 year = {2004}
}

@article{2004ApJ...600..580G,
 adsnote = {Provided by the SAO/NASA Astrophysics Data System},
 adsurl = {https://ui.adsabs.harvard.edu/abs/2004ApJ...600..580G},
 archiveprefix = {arXiv},
 author = {{Granato}, Gian Luigi and {De Zotti}, Gianfranco and {Silva}, Laura and
{Bressan}, Alessandro and {Danese}, Luigi},
 doi = {10.1086/379875},
 eprint = {astro-ph/0307202},
 journal = {\apj},
 keywords = {Galaxies: Elliptical and Lenticular, cD, Galaxies: Evolution, Galaxies: Formation, Galaxies: Quasars: General, Astrophysics},
 month = {Jan},
 number = {2},
 pages = {580-594},
 primaryclass = {astro-ph},
 title = {{A Physical Model for the Coevolution of QSOs and Their Spheroidal Hosts}},
 volume = {600},
 year = {2004}
}

@article{2004MNRAS.351..169M,
 adsnote = {Provided by the SAO/NASA Astrophysics Data System},
 adsurl = {http://adsabs.harvard.edu/abs/2004MNRAS.351..169M},
 author = {{Marconi}, A. and {Risaliti}, G. and {Gilli}, R. and {Hunt}, L.~K. and
{Maiolino}, R. and {Salvati}, M.},
 doi = {10.1111/j.1365-2966.2004.07765.x},
 eprint = {astro-ph/0311619},
 journal = {\mnras},
 keywords = {black hole physics, galaxies: active, galaxies: evolution, galaxies: nuclei, quasars: general, cosmology: miscellaneous},
 month = {June},
 pages = {169-185},
 title = {{Local supermassive black holes, relics of active galactic nuclei and the X-ray background}},
 volume = {351},
 year = {2004}
}

@article{2004MNRAS.351.1151B,
 adsnote = {Provided by the SAO/NASA Astrophysics Data System},
 adsurl = {http://adsabs.harvard.edu/abs/2004MNRAS.351.1151B},
 author = {{Brinchmann}, J. and {Charlot}, S. and {White}, S.~D.~M. and
{Tremonti}, C. and {Kauffmann}, G. and {Heckman}, T. and {Brinkmann}, J.},
 doi = {10.1111/j.1365-2966.2004.07881.x},
 eprint = {astro-ph/0311060},
 journal = {\mnras},
 keywords = {surveys, galaxies: abundances, galaxies: evolution, galaxies: fundamental parameters, galaxies: general},
 month = {July},
 pages = {1151-1179},
 title = {{The physical properties of star-forming galaxies in the low-redshift Universe}},
 volume = {351},
 year = {2004}
}

@article{2004MNRAS.354.1020S,
 adsnote = {Provided by the SAO/NASA Astrophysics Data System},
 adsurl = {https://ui.adsabs.harvard.edu/abs/2004MNRAS.354.1020S},
 archiveprefix = {arXiv},
 author = {{Shankar}, F. and {Salucci}, P. and {Granato}, G.~L. and {De Zotti}, G. and
{Danese}, L.},
 doi = {10.1111/j.1365-2966.2004.08261.x},
 eprint = {astro-ph/0405585},
 journal = {\mnras},
 keywords = {black hole physics, galaxies: active, galaxies: evolution, galaxies: nuclei, cosmology: miscellaneous, Astrophysics},
 month = {Nov},
 number = {4},
 pages = {1020-1030},
 primaryclass = {astro-ph},
 title = {{Supermassive black hole demography: the match between the local and accreted mass functions}},
 volume = {354},
 year = {2004}
}

@article{2005A&A...432...69B,
 adsnote = {Provided by the SAO/NASA Astrophysics Data System},
 adsurl = {https://ui.adsabs.harvard.edu/abs/2005A&A...432...69B},
 archiveprefix = {arXiv},
 author = {{Brusa}, M. and {Comastri}, A. and {Daddi}, E. and {Pozzetti}, L. and
{Zamorani}, G. and {Vignali}, C. and {Cimatti}, A. and {Fiore}, F. and
{Mignoli}, M. and {Ciliegi}, P. and {R{\"o}ttgering}, H.~J.~A.},
 doi = {10.1051/0004-6361:20041468},
 eprint = {astro-ph/0409257},
 journal = {\aap},
 keywords = {X-rays: general, galaxies: active, galaxies: high-redshift, cosmology: observations, X-rays: galaxies, Astrophysics},
 month = {Mar},
 number = {1},
 pages = {69-81},
 primaryclass = {astro-ph},
 title = {{XMM-Newton observations of Extremely Red Objects and the link with luminous, X-ray obscured quasars}},
 volume = {432},
 year = {2005}
}

@article{2005A&A...440..775K,
 adsnote = {Provided by the SAO/NASA Astrophysics Data System},
 adsurl = {https://ui.adsabs.harvard.edu/abs/2005A&A...440..775K},
 archiveprefix = {arXiv},
 author = {{Kalberla}, P.~M.~W. and {Burton}, W.~B. and {Hartmann}, Dap and
{Arnal}, E.~M. and {Bajaja}, E. and {Morras}, R. and
{P{\"o}ppel}, W.~G.~L.},
 doi = {10.1051/0004-6361:20041864},
 eprint = {astro-ph/0504140},
 journal = {\aap},
 keywords = {surveys, radio lines: ISM, Galaxy: structure, Astrophysics},
 month = {Sep},
 number = {2},
 pages = {775-782},
 primaryclass = {astro-ph},
 title = {{The Leiden/Argentine/Bonn (LAB) Survey of Galactic HI. Final data release of the combined LDS and IAR surveys with improved stray-radiation corrections}},
 volume = {440},
 year = {2005}
}

@article{2005Natur.433..604D,
 adsnote = {Provided by the SAO/NASA Astrophysics Data System},
 adsurl = {http://adsabs.harvard.edu/abs/2005Natur.433..604D},
 author = {{Di Matteo}, T. and {Springel}, V. and {Hernquist}, L.},
 doi = {10.1038/nature03335},
 eprint = {astro-ph/0502199},
 journal = {\nat},
 month = {February},
 pages = {604-607},
 title = {{Energy input from quasars regulates the growth and activity of black holes and their host galaxies}},
 volume = {433},
 year = {2005}
}

@article{2006A&A...453L..29C,
 adsnote = {Provided by the SAO/NASA Astrophysics Data System},
 adsurl = {https://ui.adsabs.harvard.edu/abs/2006A&A...453L..29C},
 archiveprefix = {arXiv},
 author = {{Cimatti}, A. and {Daddi}, E. and {Renzini}, A.},
 doi = {10.1051/0004-6361:20065155},
 eprint = {astro-ph/0605353},
 journal = {\aap},
 keywords = {galaxies: elliptical and lenticular, cD, galaxies: evolution, galaxies: formation, Astrophysics},
 month = {Jul},
 number = {2},
 pages = {L29-L33},
 primaryclass = {astro-ph},
 title = {{Mass downsizing and ``top-down'' assembly of early-type galaxies}},
 volume = {453},
 year = {2006}
}

@article{2006A&A...457..841I,
 adsnote = {Provided by the SAO/NASA Astrophysics Data System},
 adsurl = {https://ui.adsabs.harvard.edu/abs/2006A&A...457..841I},
 archiveprefix = {arXiv},
 author = {{Ilbert}, O. and {Arnouts}, S. and {McCracken}, H.~J. and
{Bolzonella}, M. and {Bertin}, E. and {Le F{\`e}vre}, O. and
{Mellier}, Y. and {Zamorani}, G. and {Pell{\`o}}, R. and {Iovino}, A. and
{Tresse}, L. and {Le Brun}, V. and {Bottini}, D. and {Garilli}, B. and
{Maccagni}, D. and {Picat}, J.~P. and {Scaramella}, R. and
{Scodeggio}, M. and {Vettolani}, G. and {Zanichelli}, A. and
{Adami}, C. and {Bardelli}, S. and {Cappi}, A. and {Charlot}, S. and
{Ciliegi}, P. and {Contini}, T. and {Cucciati}, O. and {Foucaud}, S. and
{Franzetti}, P. and {Gavignaud}, I. and {Guzzo}, L. and {Marano}, B. and
{Marinoni}, C. and {Mazure}, A. and {Meneux}, B. and {Merighi}, R. and
{Paltani}, S. and {Pollo}, A. and {Pozzetti}, L. and {Radovich}, M. and
{Zucca}, E. and {Bondi}, M. and {Bongiorno}, A. and {Busarello}, G. and
{de La Torre}, S. and {Gregorini}, L. and {Lamareille}, F. and
{Mathez}, G. and {Merluzzi}, P. and {Ripepi}, V. and {Rizzo}, D. and
{Vergani}, D.},
 doi = {10.1051/0004-6361:20065138},
 eprint = {astro-ph/0603217},
 journal = {\aap},
 keywords = {galaxies: distances and redshifts, galaxies: photometry, methods: data analysis, Astrophysics},
 month = {Oct},
 number = {3},
 pages = {841-856},
 primaryclass = {astro-ph},
 title = {{Accurate photometric redshifts for the CFHT legacy survey calibrated using the VIMOS VLT deep survey}},
 volume = {457},
 year = {2006}
}

@article{2006ApJ...650...42L,
 adsnote = {Provided by the SAO/NASA Astrophysics Data System},
 adsurl = {https://ui.adsabs.harvard.edu/abs/2006ApJ...650...42L},
 archiveprefix = {arXiv},
 author = {{Lapi}, A. and {Shankar}, F. and {Mao}, J. and {Granato}, G.~L. and
{Silva}, L. and {De Zotti}, G. and {Danese}, L.},
 doi = {10.1086/507122},
 eprint = {astro-ph/0603819},
 journal = {\apj},
 keywords = {Galaxies: Evolution, Galaxies: Formation, Galaxies: Quasars: General, Astrophysics},
 month = {Oct},
 number = {1},
 pages = {42-56},
 primaryclass = {astro-ph},
 title = {{Quasar Luminosity Functions from Joint Evolution of Black Holes and Host Galaxies}},
 volume = {650},
 year = {2006}
}

@article{2006MNRAS.366..767F,
 adsnote = {Provided by the SAO/NASA Astrophysics Data System},
 adsurl = {https://ui.adsabs.harvard.edu/abs/2006MNRAS.366..767F},
 archiveprefix = {arXiv},
 author = {{Fritz}, J. and {Franceschini}, A. and {Hatziminaoglou}, E.},
 doi = {10.1111/j.1365-2966.2006.09866.x},
 eprint = {astro-ph/0511428},
 journal = {\mnras},
 keywords = {radiative transfer, galaxies: active, galaxies: individual: Circinus, galaxies: individual: NGC 1068, galaxies: individual: Mrk 231, galaxies: starburst, Astrophysics},
 month = {Mar},
 number = {3},
 pages = {767-786},
 primaryclass = {astro-ph},
 title = {{Revisiting the infrared spectra of active galactic nuclei with a new torus emission model}},
 volume = {366},
 year = {2006}
}

@article{2007A&A...468...33E,
 adsnote = {Provided by the SAO/NASA Astrophysics Data System},
 adsurl = {http://adsabs.harvard.edu/abs/2007A%26A...468...33E},
 author = {{Elbaz}, D. and {Daddi}, E. and {Le Borgne}, D. and {Dickinson}, M. and
{Alexander}, D.~M. and {Chary}, R.-R. and {Starck}, J.-L. and
{Brandt}, W.~N. and {Kitzbichler}, M. and {MacDonald}, E. and
{Nonino}, M. and {Popesso}, P. and {Stern}, D. and {Vanzella}, E.},
 doi = {10.1051/0004-6361:20077525},
 eprint = {astro-ph/0703653},
 journal = {\aap},
 keywords = {cosmology: observations, Galaxy: formation, Galaxy: evolution, galaxies: starburst, infrared: galaxies, cosmology: large-scale structure of Universe},
 month = {June},
 pages = {33-48},
 title = {{The reversal of the star formation-density relation in the distant universe}},
 volume = {468},
 year = {2007}
}

@article{2007ApJ...657..810D,
 adsnote = {Provided by the SAO/NASA Astrophysics Data System},
 adsurl = {https://ui.adsabs.harvard.edu/abs/2007ApJ...657..810D},
 archiveprefix = {arXiv},
 author = {{Draine}, B.~T. and {Li}, Aigen},
 doi = {10.1086/511055},
 eprint = {astro-ph/0608003},
 journal = {\apj},
 keywords = {ISM: Dust, Extinction, Infrared: Galaxies, Infrared: ISM, Radiation Mechanisms: Thermal, Astrophysics},
 month = {Mar},
 number = {2},
 pages = {810-837},
 primaryclass = {astro-ph},
 title = {{Infrared Emission from Interstellar Dust. IV. The Silicate-Graphite-PAH Model in the Post-Spitzer Era}},
 volume = {657},
 year = {2007}
}

@article{2007ApJ...660..267B,
 adsnote = {Provided by the SAO/NASA Astrophysics Data System},
 adsurl = {https://ui.adsabs.harvard.edu/abs/2007ApJ...660..267B},
 archiveprefix = {arXiv},
 author = {{Bernardi}, Mariangela and {Sheth}, Ravi K. and {Tundo}, Elena and
{Hyde}, Joseph B.},
 doi = {10.1086/512719},
 eprint = {astro-ph/0609300},
 journal = {\apj},
 keywords = {Black Hole Physics, Galaxies: Elliptical and Lenticular, cD, Galaxies: Fundamental Parameters, Astrophysics},
 month = {May},
 number = {1},
 pages = {267-275},
 primaryclass = {astro-ph},
 title = {{Selection Bias in the M$_{{\ensuremath{\bullet}}}$-{\ensuremath{\sigma}} and M$_{{\ensuremath{\bullet}}}$-L Correlations and Its Consequences}},
 volume = {660},
 year = {2007}
}

@article{2007ApJ...660L..43N,
 adsnote = {Provided by the SAO/NASA Astrophysics Data System},
 adsurl = {http://adsabs.harvard.edu/abs/2007ApJ...660L..43N},
 author = {{Noeske}, K.~G. and {Weiner}, B.~J. and {Faber}, S.~M. and {Papovich}, C. and
{Koo}, D.~C. and {Somerville}, R.~S. and {Bundy}, K. and {Conselice}, C.~J. and
{Newman}, J.~A. and {Schiminovich}, D. and {Le Floc'h}, E. and
{Coil}, A.~L. and {Rieke}, G.~H. and {Lotz}, J.~M. and {Primack}, J.~R. and
{Barmby}, P. and {Cooper}, M.~C. and {Davis}, M. and {Ellis}, R.~S. and
{Fazio}, G.~G. and {Guhathakurta}, P. and {Huang}, J. and {Kassin}, S.~A. and
{Martin}, D.~C. and {Phillips}, A.~C. and {Rich}, R.~M. and
{Small}, T.~A. and {Willmer}, C.~N.~A. and {Wilson}, G.},
 doi = {10.1086/517926},
 eprint = {astro-ph/0701924},
 journal = {\apjl},
 keywords = {Galaxies: Evolution, Galaxies: Formation, Galaxies: High-Redshift, Galaxies: Starburst},
 month = {May},
 pages = {L43-L46},
 title = {{Star Formation in AEGIS Field Galaxies since z=1.1: The Dominance of Gradually Declining Star Formation, and the Main Sequence of Star-forming Galaxies}},
 volume = {660},
 year = {2007}
}

@article{2007ApJ...660L..47N,
 adsnote = {Provided by the SAO/NASA Astrophysics Data System},
 adsurl = {https://ui.adsabs.harvard.edu/abs/2007ApJ...660L..47N},
 archiveprefix = {arXiv},
 author = {{Noeske}, K.~G. and {Faber}, S.~M. and {Weiner}, B.~J. and {Koo}, D.~C. and {Primack}, J.~R. and {Dekel}, A. and {Papovich}, C. and {Conselice}, C.~J. and {Le Floc'h}, E. and {Rieke}, G.~H. and {Coil}, A.~L. and {Lotz}, J.~M. and {Somerville}, R.~S. and {Bundy}, K.},
 doi = {10.1086/517927},
 eprint = {astro-ph/0703056},
 journal = {\apjl},
 keywords = {Galaxies: Evolution, Galaxies: Formation, Galaxies: High-Redshift, Galaxies: Starburst, Astrophysics},
 month = {May},
 number = {1},
 pages = {L47-L50},
 primaryclass = {astro-ph},
 title = {{Star Formation in AEGIS Field Galaxies since z=1.1: Staged Galaxy Formation and a Model of Mass-dependent Gas Exhaustion}},
 volume = {660},
 year = {2007}
}

@article{2007ApJ...663...81P,
 adsnote = {Provided by the SAO/NASA Astrophysics Data System},
 adsurl = {https://ui.adsabs.harvard.edu/abs/2007ApJ...663...81P},
 archiveprefix = {arXiv},
 author = {{Polletta}, M. and {Tajer}, M. and {Maraschi}, L. and {Trinchieri}, G. and
{Lonsdale}, C.~J. and {Chiappetti}, L. and {Andreon}, S. and
{Pierre}, M. and {Le F{\`e}vre}, O. and {Zamorani}, G. and
{Maccagni}, D. and {Garcet}, O. and {Surdej}, J. and
{Franceschini}, A. and {Alloin}, D. and {Shupe}, D.~L. and
{Surace}, J.~A. and {Fang}, F. and {Rowan-Robinson}, M. and
{Smith}, H.~E. and {Tresse}, L.},
 doi = {10.1086/518113},
 eprint = {astro-ph/0703255},
 journal = {\apj},
 keywords = {Galaxies: Active, Infrared: Galaxies, Galaxies: Quasars: General, X-Rays: Galaxies, Astrophysics},
 month = {Jul},
 number = {1},
 pages = {81-102},
 primaryclass = {astro-ph},
 title = {{Spectral Energy Distributions of Hard X-Ray Selected Active Galactic Nuclei in the XMM-Newton Medium Deep Survey}},
 volume = {663},
 year = {2007}
}

@article{2007ApJ...670..156D,
 adsnote = {Provided by the SAO/NASA Astrophysics Data System},
 adsurl = {http://adsabs.harvard.edu/abs/2007ApJ...670..156D},
 archiveprefix = {arXiv},
 author = {{Daddi}, E. and {Dickinson}, M. and {Morrison}, G. and {Chary}, R. and
{Cimatti}, A. and {Elbaz}, D. and {Frayer}, D. and {Renzini}, A. and
{Pope}, A. and {Alexander}, D.~M. and {Bauer}, F.~E. and {Giavalisco}, M. and
{Huynh}, M. and {Kurk}, J. and {Mignoli}, M.},
 doi = {10.1086/521818},
 eprint = {0705.2831},
 journal = {\apj},
 keywords = {Cosmology: Observations, Galaxies: Evolution, Galaxies: Formation, Galaxies: High-Redshift, Galaxies: Starburst},
 month = {November},
 pages = {156-172},
 title = {{Multiwavelength Study of Massive Galaxies at z\~{}2. I. Star Formation and Galaxy Growth}},
 volume = {670},
 year = {2007}
}

@article{2007ApJS..172....1S,
 adsnote = {Provided by the SAO/NASA Astrophysics Data System},
 adsurl = {https://ui.adsabs.harvard.edu/abs/2007ApJS..172....1S},
 archiveprefix = {arXiv},
 author = {{Scoville}, N. and {Aussel}, H. and {Brusa}, M. and {Capak}, P. and
{Carollo}, C.~M. and {Elvis}, M. and {Giavalisco}, M. and {Guzzo}, L. and
{Hasinger}, G. and {Impey}, C. and {Kneib}, J. -P. and {LeFevre}, O. and
{Lilly}, S.~J. and {Mobasher}, B. and {Renzini}, A. and {Rich}, R.~M. and
{Sanders}, D.~B. and {Schinnerer}, E. and {Schminovich}, D. and
{Shopbell}, P. and {Taniguchi}, Y. and {Tyson}, N.~D.},
 doi = {10.1086/516585},
 eprint = {astro-ph/0612305},
 journal = {\apjs},
 keywords = {Cosmology: Observations, Cosmology: Dark Matter, Galaxies: Evolution, Galaxies: Formation, Cosmology: Large-Scale Structure of Universe, Surveys, Astrophysics},
 month = {Sep},
 number = {1},
 pages = {1-8},
 primaryclass = {astro-ph},
 title = {{The Cosmic Evolution Survey (COSMOS): Overview}},
 volume = {172},
 year = {2007}
}

@article{2007ApJS..172....9T,
 adsnote = {Provided by the SAO/NASA Astrophysics Data System},
 adsurl = {https://ui.adsabs.harvard.edu/abs/2007ApJS..172....9T},
 archiveprefix = {arXiv},
 author = {{Taniguchi}, Y. and {Scoville}, N. and {Murayama}, T. and {Sand
ers}, D.~B. and {Mobasher}, B. and {Aussel}, H. and {Capak}, P. and
{Ajiki}, M. and {Miyazaki}, S. and {Komiyama}, Y. and {Shioya}, Y. and
{Nagao}, T. and {Sasaki}, S.~S. and {Koda}, J. and {Carilli}, C. and
{Giavalisco}, M. and {Guzzo}, L. and {Hasinger}, G. and {Impey}, C. and
{LeFevre}, O. and {Lilly}, S. and {Renzini}, A. and {Rich}, M. and
{Schinnerer}, E. and {Shopbell}, P. and {Kaifu}, N. and {Karoji}, H. and
{Arimoto}, N. and {Okamura}, S. and {Ohta}, K.},
 doi = {10.1086/516596},
 eprint = {astro-ph/0612295},
 journal = {\apjs},
 keywords = {Galaxies: Evolution, Galaxies: Interactions, Astrophysics},
 month = {Sep},
 number = {1},
 pages = {9-28},
 primaryclass = {astro-ph},
 title = {{The Cosmic Evolution Survey (COSMOS): Subaru Observations of the HST Cosmos Field}},
 volume = {172},
 year = {2007}
}

@article{2007ApJS..172...86S,
 adsnote = {Provided by the SAO/NASA Astrophysics Data System},
 adsurl = {https://ui.adsabs.harvard.edu/abs/2007ApJS..172...86S},
 archiveprefix = {arXiv},
 author = {{Sanders}, D.~B. and {Salvato}, M. and {Aussel}, H. and {Ilbert}, O. and
{Scoville}, N. and {Surace}, J.~A. and {Frayer}, D.~T. and {Sheth}, K. and
{Helou}, G. and {Brooke}, T. and {Bhattacharya}, B. and {Yan}, L. and
{Kartaltepe}, J.~S. and {Barnes}, J.~E. and {Blain}, A.~W. and
{Calzetti}, D. and {Capak}, P. and {Carilli}, C. and {Carollo}, C.~M. and
{Comastri}, A. and {Daddi}, E. and {Ellis}, R.~S. and {Elvis}, M. and
{Fall}, S.~M. and {Franceschini}, A. and {Giavalisco}, M. and
{Hasinger}, G. and {Impey}, C. and {Koekemoer}, A. and
{Le F{\`e}vre}, O. and {Lilly}, S. and {Liu}, M.~C. and
{McCracken}, H.~J. and {Mobasher}, B. and {Renzini}, A. and {Rich}, M. and
{Schinnerer}, E. and {Shopbell}, P.~L. and {Taniguchi}, Y. and
{Thompson}, D.~J. and {Urry}, C.~M. and {Williams}, J.~P.},
 doi = {10.1086/517885},
 eprint = {astro-ph/0701318},
 journal = {\apjs},
 keywords = {Cosmology: Observations, Galaxies: Evolution, Galaxies: Formation, Infrared: Galaxies, Cosmology: Large-Scale Structure of Universe, Surveys, Astrophysics},
 month = {Sep},
 number = {1},
 pages = {86-98},
 primaryclass = {astro-ph},
 title = {{S-COSMOS: The Spitzer Legacy Survey of the Hubble Space Telescope ACS 2 deg$^{2}$ COSMOS Field I: Survey Strategy and First Analysis}},
 volume = {172},
 year = {2007}
}

@article{2007ApJS..172..196K,
 adsnote = {Provided by the SAO/NASA Astrophysics Data System},
 adsurl = {https://ui.adsabs.harvard.edu/abs/2007ApJS..172..196K},
 archiveprefix = {arXiv},
 author = {{Koekemoer}, A.~M. and {Aussel}, H. and {Calzetti}, D. and {Capak}, P. and
{Giavalisco}, M. and {Kneib}, J. -P. and {Leauthaud}, A. and
{Le F{\`e}vre}, O. and {McCracken}, H.~J. and {Massey}, R. and
{Mobasher}, B. and {Rhodes}, J. and {Scoville}, N. and
{Shopbell}, P.~L.},
 doi = {10.1086/520086},
 eprint = {astro-ph/0703095},
 journal = {\apjs},
 keywords = {Cosmology: Observations, Cosmology: Dark Matter, Galaxies: Evolution, Galaxies: Formation, Cosmology: Large-Scale Structure of Universe, Surveys, Astrophysics},
 month = {Sep},
 number = {1},
 pages = {196-202},
 primaryclass = {astro-ph},
 title = {{The COSMOS Survey: Hubble Space Telescope Advanced Camera for Surveys Observations and Data Processing}},
 volume = {172},
 year = {2007}
}

@article{2007ApJS..172..219L,
 adsnote = {Provided by the SAO/NASA Astrophysics Data System},
 adsurl = {https://ui.adsabs.harvard.edu/abs/2007ApJS..172..219L},
 archiveprefix = {arXiv},
 author = {{Leauthaud}, Alexie and {Massey}, Richard and {Kneib}, Jean-Paul and
{Rhodes}, Jason and {Johnston}, David E. and {Capak}, Peter and
{Heymans}, Catherine and {Ellis}, Richard S. and {Koekemoer}, Anton M. and
{Le F{\`e}vre}, Oliver and {Mellier}, Yannick and
{R{\'e}fr{\'e}gier}, Alexandre and {Robin}, Annie C. and
{Scoville}, Nick and {Tasca}, Lidia and {Taylor}, James E. and
{Van Waerbeke}, Ludovic},
 doi = {10.1086/516598},
 eprint = {astro-ph/0702359},
 journal = {\apjs},
 keywords = {Cosmology: Observations, Cosmology: Gravitational Lensing, Cosmology: Large-Scale Structure of Universe, Astrophysics},
 month = {Sep},
 number = {1},
 pages = {219-238},
 primaryclass = {astro-ph},
 title = {{Weak Gravitational Lensing with COSMOS: Galaxy Selection and Shape Measurements}},
 volume = {172},
 year = {2007}
}

@article{2007ApJS..172..468Z,
 adsnote = {Provided by the SAO/NASA Astrophysics Data System},
 adsurl = {https://ui.adsabs.harvard.edu/abs/2007ApJS..172..468Z},
 archiveprefix = {arXiv},
 author = {{Zamojski}, M.~A. and {Schiminovich}, D. and {Rich}, R.~M. and
{Mobasher}, B. and {Koekemoer}, A.~M. and {Capak}, P. and
{Taniguchi}, Y. and {Sasaki}, S.~S. and {McCracken}, H.~J. and
{Mellier}, Y. and {Bertin}, E. and {Aussel}, H. and {Sanders}, D.~B. and
{Le F{\`e}vre}, O. and {Ilbert}, O. and {Salvato}, M. and
{Thompson}, D.~J. and {Kartaltepe}, J.~S. and {Scoville}, N. and
{Barlow}, T.~A. and {Forster}, K. and {Friedman}, P.~G. and
{Martin}, D.~C. and {Morrissey}, P. and {Neff}, S.~G. and
{Seibert}, M. and {Small}, T. and {Wyder}, T.~K. and {Bianchi}, L. and
{Donas}, J. and {Heckman}, T.~M. and {Lee}, Y. -W. and {Madore}, B.~F. and
{Milliard}, B. and {Szalay}, A.~S. and {Welsh}, B.~Y. and {Yi}, S.~K.},
 doi = {10.1086/516593},
 eprint = {astro-ph/0701478},
 journal = {\apjs},
 keywords = {Galaxies: Evolution, Galaxies: Fundamental Parameters, Surveys, Astrophysics},
 month = {Sep},
 number = {1},
 pages = {468-493},
 primaryclass = {astro-ph},
 title = {{Deep GALEX Imaging of the COSMOS HST Field: A First Look at the Morphology of z \raisebox{-0.5ex}\textasciitilde 0.7 Star-forming Galaxies}},
 volume = {172},
 year = {2007}
}

@article{2008A&A...482...21C,
 adsnote = {Provided by the SAO/NASA Astrophysics Data System},
 adsurl = {https://ui.adsabs.harvard.edu/abs/2008A&A...482...21C},
 archiveprefix = {arXiv},
 author = {{Cimatti}, A. and {Cassata}, P. and {Pozzetti}, L. and {Kurk}, J. and
{Mignoli}, M. and {Renzini}, A. and {Daddi}, E. and {Bolzonella}, M. and
{Brusa}, M. and {Rodighiero}, G. and {Dickinson}, M. and
{Franceschini}, A. and {Zamorani}, G. and {Berta}, S. and {Rosati}, P. and
{Halliday}, C.},
 doi = {10.1051/0004-6361:20078739},
 eprint = {0801.1184},
 journal = {\aap},
 keywords = {cosmology: observations, galaxies: distances and redshifts, galaxies: elliptical and lenticular, cD, galaxies: evolution, galaxies: formation, galaxies: high-redshift, Astrophysics},
 month = {April},
 number = {1},
 pages = {21-42},
 primaryclass = {astro-ph},
 title = {{GMASS ultradeep spectroscopy of galaxies at z \raisebox{-0.5ex}\textasciitilde 2. II. Superdense passive galaxies: how did they form and evolve?}},
 volume = {482},
 year = {2008}
}

@article{2008ApJ...672...94F,
 adsnote = {Provided by the SAO/NASA Astrophysics Data System},
 adsurl = {https://ui.adsabs.harvard.edu/abs/2008ApJ...672...94F},
 archiveprefix = {arXiv},
 author = {{Fiore}, F. and {Grazian}, A. and {Santini}, P. and {Puccetti}, S. and
{Brusa}, M. and {Feruglio}, C. and {Fontana}, A. and {Giallongo}, E. and
{Comastri}, A. and {Gruppioni}, C. and {Pozzi}, F. and {Zamorani}, G. and
{Vignali}, C.},
 doi = {10.1086/523348},
 eprint = {0705.2864},
 journal = {The Astrophysical Journal},
 keywords = {galaxies: active, galaxies: high-redshift, X-rays: diffuse background, Astrophysics},
 month = {Jan},
 number = {1},
 pages = {94-101},
 primaryclass = {astro-ph},
 title = {{Unveiling Obscured Accretion in the Chandra Deep Field-South}},
 volume = {672},
 year = {2008}
}

@article{2008ApJS..175..356H,
 adsnote = {Provided by the SAO/NASA Astrophysics Data System},
 adsurl = {http://adsabs.harvard.edu/abs/2008ApJS..175..356H},
 archiveprefix = {arXiv},
 author = {{Hopkins}, P.~F. and {Hernquist}, L. and {Cox}, T.~J. and {Kere{\v s}}, D.},
 doi = {10.1086/524362},
 eprint = {0706.1243},
 journal = {\apjs},
 keywords = {Cosmology: Theory, Galaxies: Active, Galaxies: Evolution, Galaxies: Quasars: General},
 month = {April},
 pages = {356-389},
 title = {{A Cosmological Framework for the Co-Evolution of Quasars, Supermassive Black Holes, and Elliptical Galaxies. I. Galaxy Mergers and Quasar Activity}},
 volume = {175},
 year = {2008}
}

@inproceedings{2008HEAD...10.0401M,
 adsnote = {Provided by the SAO/NASA Astrophysics Data System},
 adsurl = {https://ui.adsabs.harvard.edu/abs/2008HEAD...10.0401M},
 author = {{Miyaji}, Takamitsu and {Griffiths}, R.~E. and {C-COSMOS Team}},
 booktitle = {AAS/High Energy Astrophysics Division \#10},
 eid = {4.01},
 month = {Mar},
 pages = {4.01},
 series = {AAS/High Energy Astrophysics Division},
 title = {{CSTACK: A Web-Based Stacking Analysis Tool for Deep/Wide Chandra Surveys}},
 year = {2008}
}

@article{2008MNRAS.388.1011M,
 adsnote = {Provided by the SAO/NASA Astrophysics Data System},
 adsurl = {http://adsabs.harvard.edu/abs/2008MNRAS.388.1011M},
 archiveprefix = {arXiv},
 author = {{Merloni}, A. and {Heinz}, S.},
 doi = {10.1111/j.1365-2966.2008.13472.x},
 eprint = {0805.2499},
 journal = {\mnras},
 keywords = {accretion, accretion discs , black hole physics , galaxies: active , galaxies: evolution , quasars: general},
 month = {August},
 pages = {1011-1030},
 title = {{A synthesis model for AGN evolution: supermassive black holes growth and feedback modes}},
 volume = {388},
 year = {2008}
}

@article{2008MNRAS.388.1595D,
 adsnote = {Provided by the SAO/NASA Astrophysics Data System},
 adsurl = {http://adsabs.harvard.edu/abs/2008MNRAS.388.1595D},
 archiveprefix = {arXiv},
 author = {{da Cunha}, E. and {Charlot}, S. and {Elbaz}, D.},
 doi = {10.1111/j.1365-2966.2008.13535.x},
 eprint = {0806.1020},
 journal = {\mnras},
 keywords = {dust, extinction , galaxies: ISM , galaxies: stellar content , infrared: galaxies},
 month = {August},
 pages = {1595-1617},
 title = {{A simple model to interpret the ultraviolet, optical and infrared emission from galaxies}},
 volume = {388},
 year = {2008}
}

@article{2009A&A...503..137B,
 adsnote = {Provided by the SAO/NASA Astrophysics Data System},
 adsurl = {https://ui.adsabs.harvard.edu/abs/2009A&A...503..137B},
 archiveprefix = {arXiv},
 author = {{Boissier}, S. and {Prantzos}, N.},
 doi = {10.1051/0004-6361/200811234},
 eprint = {0905.3986},
 journal = {\aap},
 keywords = {stars: supernovae: general, Astrophysics - High Energy Astrophysical Phenomena, Astrophysics - Solar and Stellar Astrophysics},
 month = {August},
 number = {1},
 pages = {137-150},
 primaryclass = {astro-ph.HE},
 title = {{Relative frequencies of supernovae types: dependence on host galaxy magnitude, galactocentric radius, and local metallicity}},
 volume = {503},
 year = {2009}
}

@article{2009ApJ...690...20S,
 adsnote = {Provided by the SAO/NASA Astrophysics Data System},
 adsurl = {http://adsabs.harvard.edu/abs/2009ApJ...690...20S},
 archiveprefix = {arXiv},
 author = {{Shankar}, F. and {Weinberg}, D.~H. and {Miralda-Escud{\'e}}, J.},
 doi = {10.1088/0004-637X/690/1/20},
 eprint = {0710.4488},
 journal = {\apj},
 keywords = {cosmology: theory, galaxies: evolution, quasars: general},
 month = {January},
 pages = {20-41},
 title = {{Self-Consistent Models of the AGN and Black Hole Populations: Duty Cycles, Accretion Rates, and the Mean Radiative Efficiency}},
 volume = {690},
 year = {2009}
}

@article{2009ApJ...690.1236I,
 adsnote = {Provided by the SAO/NASA Astrophysics Data System},
 adsurl = {http://adsabs.harvard.edu/abs/2009ApJ...690.1236I},
 archiveprefix = {arXiv},
 author = {{Ilbert}, O. and {Capak}, P. and {Salvato}, M. and {Aussel}, H. and
{McCracken}, H.~J. and {Sanders}, D.~B. and {Scoville}, N. and
{Kartaltepe}, J. and {Arnouts}, S. and {Le Floc'h}, E. and {Mobasher}, B. and
{Taniguchi}, Y. and {Lamareille}, F. and {Leauthaud}, A. and
{Sasaki}, S. and {Thompson}, D. and {Zamojski}, M. and {Zamorani}, G. and
{Bardelli}, S. and {Bolzonella}, M. and {Bongiorno}, A. and
{Brusa}, M. and {Caputi}, K.~I. and {Carollo}, C.~M. and {Contini}, T. and
{Cook}, R. and {Coppa}, G. and {Cucciati}, O. and {de la Torre}, S. and
{de Ravel}, L. and {Franzetti}, P. and {Garilli}, B. and {Hasinger}, G. and
{Iovino}, A. and {Kampczyk}, P. and {Kneib}, J.-P. and {Knobel}, C. and
{Kovac}, K. and {Le Borgne}, J.~F. and {Le Brun}, V. and {F{\`e}vre}, O.~L. and
{Lilly}, S. and {Looper}, D. and {Maier}, C. and {Mainieri}, V. and
{Mellier}, Y. and {Mignoli}, M. and {Murayama}, T. and {Pell{\`o}}, R. and
{Peng}, Y. and {P{\'e}rez-Montero}, E. and {Renzini}, A. and
{Ricciardelli}, E. and {Schiminovich}, D. and {Scodeggio}, M. and
{Shioya}, Y. and {Silverman}, J. and {Surace}, J. and {Tanaka}, M. and
{Tasca}, L. and {Tresse}, L. and {Vergani}, D. and {Zucca}, E.},
 doi = {10.1088/0004-637X/690/2/1236},
 eprint = {0809.2101},
 journal = {\apj},
 keywords = {galaxies: distances and redshifts, galaxies: evolution, galaxies: formation},
 month = {January},
 pages = {1236-1249},
 title = {{Cosmos Photometric Redshifts with 30-Bands for 2-deg$^{2}$}},
 volume = {690},
 year = {2009}
}

@article{2009ApJ...692..556R,
 adsnote = {Provided by the SAO/NASA Astrophysics Data System},
 adsurl = {https://ui.adsabs.harvard.edu/abs/2009ApJ...692..556R},
 archiveprefix = {arXiv},
 author = {{Rieke}, G.~H. and {Alonso-Herrero}, A. and {Weiner}, B.~J. and
{P{\'e}rez-Gonz{\'a}lez}, P.~G. and {Blaylock}, M. and {Donley}, J.~L. and
{Marcillac}, D.},
 doi = {10.1088/0004-637X/692/1/556},
 eprint = {0810.4150},
 journal = {\apj},
 keywords = {galaxies: fundamental parameters, galaxies: starburst, galaxies: stellar content, Astrophysics},
 month = {Feb},
 number = {1},
 pages = {556-573},
 primaryclass = {astro-ph},
 title = {{Determining Star Formation Rates for Infrared Galaxies}},
 volume = {692},
 year = {2009}
}

@article{2009ApJ...696..396S,
 adsnote = {Provided by the SAO/NASA Astrophysics Data System},
 adsurl = {http://adsabs.harvard.edu/abs/2009ApJ...696..396S},
 archiveprefix = {arXiv},
 author = {{Silverman}, J.~D. and {Lamareille}, F. and {Maier}, C. and
{Lilly}, S.~J. and {Mainieri}, V. and {Brusa}, M. and {Cappelluti}, N. and
{Hasinger}, G. and {Zamorani}, G. and {Scodeggio}, M. and {Bolzonella}, M. and
{Contini}, T. and {Carollo}, C.~M. and {Jahnke}, K. and {Kneib}, J.-P. and
{Le F{\`e}vre}, O. and {Merloni}, A. and {Bardelli}, S. and
{Bongiorno}, A. and {Brunner}, H. and {Caputi}, K. and {Civano}, F. and
{Comastri}, A. and {Coppa}, G. and {Cucciati}, O. and {de la Torre}, S. and
{de Ravel}, L. and {Elvis}, M. and {Finoguenov}, A. and {Fiore}, F. and
{Franzetti}, P. and {Garilli}, B. and {Gilli}, R. and {Iovino}, A. and
{Kampczyk}, P. and {Knobel}, C. and {Kova{\v c}}, K. and {Le Borgne}, J.-F. and
{Le Brun}, V. and {Mignoli}, M. and {Pello}, R. and {Peng}, Y. and
{Perez Montero}, E. and {Ricciardelli}, E. and {Tanaka}, M. and
{Tasca}, L. and {Tresse}, L. and {Vergani}, D. and {Vignali}, C. and
{Zucca}, E. and {Bottini}, D. and {Cappi}, A. and {Cassata}, P. and
{Fumana}, M. and {Griffiths}, R. and {Kartaltepe}, J. and {Koekemoer}, A. and
{Marinoni}, C. and {McCracken}, H.~J. and {Memeo}, P. and {Meneux}, B. and
{Oesch}, P. and {Porciani}, C. and {Salvato}, M.},
 doi = {10.1088/0004-637X/696/1/396},
 eprint = {0810.3653},
 journal = {\apj},
 keywords = {galaxies: active, galaxies: evolution, quasars: emission lines, quasars: general, X-rays: galaxies},
 month = {May},
 pages = {396-410},
 title = {{Ongoing and Co-Evolving Star Formation in zCOSMOS Galaxies Hosting Active Galactic Nuclei}},
 volume = {696},
 year = {2009}
}

@article{2009ApJ...703..222L,
 adsnote = {Provided by the SAO/NASA Astrophysics Data System},
 adsurl = {https://ui.adsabs.harvard.edu/abs/2009ApJ...703..222L},
 archiveprefix = {arXiv},
 author = {{Le Floc'h}, Emeric and {Aussel}, Herv{\'e} and {Ilbert}, Olivier and
{Riguccini}, Laurie and {Frayer}, David T. and {Salvato}, Mara and
{Arnouts}, Stephane and {Surace}, Jason and {Feruglio}, Chiara and
{Rodighiero}, Giulia and {Capak}, Peter and {Kartaltepe}, Jeyhan and
{Heinis}, Sebastien and {Sheth}, Kartik and {Yan}, Lin and
{McCracken}, Henry Joy and {Thompson}, David and {Sanders}, David and
{Scoville}, Nick and {Koekemoer}, Anton},
 doi = {10.1088/0004-637X/703/1/222},
 eprint = {0909.4303},
 journal = {\apj},
 keywords = {cosmology: observations, galaxies: high-redshift, infrared: galaxies, Astrophysics - Cosmology and Nongalactic Astrophysics},
 month = {Sep},
 number = {1},
 pages = {222-239},
 primaryclass = {astro-ph.CO},
 title = {{Deep Spitzer 24 {\ensuremath{\mu}}m COSMOS Imaging. I. The Evolution of Luminous Dusty Galaxies{\textemdash}Confronting the Models}},
 volume = {703},
 year = {2009}
}

@inproceedings{2009ASPC..411..251M,
 adsnote = {Provided by the SAO/NASA Astrophysics Data System},
 adsurl = {https://ui.adsabs.harvard.edu/abs/2009ASPC..411..251M},
 archiveprefix = {arXiv},
 author = {{Markwardt}, C.~B.},
 booktitle = {Astronomical Data Analysis Software and Systems XVIII},
 editor = {{Bohlender}, D.~A. and {Durand}, D. and {Dowler}, P.},
 eprint = {0902.2850},
 keywords = {Astrophysics - Instrumentation and Methods for Astrophysics},
 month = {Sep},
 pages = {251},
 primaryclass = {astro-ph.IM},
 series = {Astronomical Society of the Pacific Conference Series},
 title = {{Non-linear Least-squares Fitting in IDL with MPFIT}},
 volume = {411},
 year = {2009}
}

@article{2009Natur.457..451D,
 adsnote = {Provided by the SAO/NASA Astrophysics Data System},
 adsurl = {https://ui.adsabs.harvard.edu/abs/2009Natur.457..451D},
 archiveprefix = {arXiv},
 author = {{Dekel}, A. and {Birnboim}, Y. and {Engel}, G. and {Freundlich}, J. and {Goerdt}, T. and {Mumcuoglu}, M. and {Neistein}, E. and {Pichon}, C. and {Teyssier}, R. and {Zinger}, E.},
 doi = {10.1038/nature07648},
 eprint = {0808.0553},
 journal = {\nat},
 keywords = {Astrophysics},
 month = {January},
 number = {7228},
 pages = {451-454},
 primaryclass = {astro-ph},
 title = {{Cold streams in early massive hot haloes as the main mode of galaxy formation}},
 volume = {457},
 year = {2009}
}

@article{2010A&A...518L..26S,
 adsnote = {Provided by the SAO/NASA Astrophysics Data System},
 adsurl = {http://adsabs.harvard.edu/abs/2010A%26A...518L..26S},
 archiveprefix = {arXiv},
 author = {{Shao}, L. and {Lutz}, D. and {Nordon}, R. and {Maiolino}, R. and
{Alexander}, D.~M. and {Altieri}, B. and {Andreani}, P. and
{Aussel}, H. and {Bauer}, F.~E. and {Berta}, S. and {Bongiovanni}, A. and
{Brandt}, W.~N. and {Brusa}, M. and {Cava}, A. and {Cepa}, J. and
{Cimatti}, A. and {Daddi}, E. and {Dominguez-Sanchez}, H. and
{Elbaz}, D. and {F{\"o}rster Schreiber}, N.~M. and {Geis}, N. and
{Genzel}, R. and {Grazian}, A. and {Gruppioni}, C. and {Magdis}, G. and
{Magnelli}, B. and {Mainieri}, V. and {P{\'e}rez Garc{\'{\i}}a}, A.~M. and
{Poglitsch}, A. and {Popesso}, P. and {Pozzi}, F. and {Riguccini}, L. and
{Rodighiero}, G. and {Rovilos}, E. and {Saintonge}, A. and {Salvato}, M. and
{Sanchez Portal}, M. and {Santini}, P. and {Sturm}, E. and {Tacconi}, L.~J. and
{Valtchanov}, I. and {Wetzstein}, M. and {Wieprecht}, E.},
 doi = {10.1051/0004-6361/201014606},
 eid = {L26},
 eprint = {1005.2562},
 journal = {\aap},
 keywords = {galaxies: active, infrared: galaxies},
 month = {July},
 pages = {L26},
 title = {{Star formation in AGN hosts in GOODS-N}},
 volume = {518},
 year = {2010}
}

@article{2010A&A...518L..27G,
 adsnote = {Provided by the SAO/NASA Astrophysics Data System},
 adsurl = {https://ui.adsabs.harvard.edu/abs/2010A&A...518L..27G},
 archiveprefix = {arXiv},
 author = {{Gruppioni}, C. and {Pozzi}, F. and {Andreani}, P. and {Rodighiero}, G. and
{Cimatti}, A. and {Altieri}, B. and {Aussel}, H. and {Berta}, S. and
{Bongiovanni}, A. and {Brisbin}, D. and {Cava}, A. and {Cepa}, J. and
{Daddi}, E. and {Dominguez-Sanchez}, H. and {Elbaz}, D. and
{F{\"o}rster Schreiber}, N. and {Genzel}, R. and {Le Floc'h}, E. and
{Lutz}, D. and {Magdis}, G. and {Magliocchetti}, M. and {Magnelli}, B. and
{Maiolino}, R. and {Nordon}, R. and {Per{\'e}z-Garc{\'\i}a}, A.~M. and
{Poglitsch}, A. and {Popesso}, P. and {Riguccini}, L. and
{Saintonge}, A. and {Sanchez-Portal}, M. and {Santini}, P. and
{Shao}, L. and {Sturm}, E. and {Tacconi}, L. and {Valtchanov}, I.},
 doi = {10.1051/0004-6361/201014608},
 eid = {L27},
 eprint = {1005.1473},
 journal = {\aap},
 keywords = {Galaxy: evolution, galaxies: active, galaxies: starburst, cosmology: observations, infrared: galaxies, Astrophysics - Cosmology and Nongalactic Astrophysics},
 month = {Jul},
 pages = {L27},
 primaryclass = {astro-ph.CO},
 title = {{PEP: First Herschel probe of dusty galaxy evolution up to z \raisebox{-0.5ex}\textasciitilde 3}},
 volume = {518},
 year = {2010}
}

@article{2010A&A...518L..30B,
 adsnote = {Provided by the SAO/NASA Astrophysics Data System},
 adsurl = {http://adsabs.harvard.edu/abs/2010A%26A...518L..30B},
 archiveprefix = {arXiv},
 author = {{Berta}, S. and {Magnelli}, B. and {Lutz}, D. and {Altieri}, B. and
{Aussel}, H. and {Andreani}, P. and {Bauer}, O. and {Bongiovanni}, A. and
{Cava}, A. and {Cepa}, J. and {Cimatti}, A. and {Daddi}, E. and
{Dominguez}, H. and {Elbaz}, D. and {Feuchtgruber}, H. and {F{\"o}rster Schreiber}, N.~M. and
{Genzel}, R. and {Gruppioni}, C. and {Katterloher}, R. and {Magdis}, G. and
{Maiolino}, R. and {Nordon}, R. and {P{\'e}rez Garc{\'{\i}}a}, A.~M. and
{Poglitsch}, A. and {Popesso}, P. and {Pozzi}, F. and {Riguccini}, L. and
{Rodighiero}, G. and {Saintonge}, A. and {Santini}, P. and {Sanchez-Portal}, M. and
{Shao}, L. and {Sturm}, E. and {Tacconi}, L.~J. and {Valtchanov}, I. and
{Wetzstein}, M. and {Wieprecht}, E.},
 doi = {10.1051/0004-6361/201014610},
 eid = {L30},
 eprint = {1005.1073},
 journal = {\aap},
 keywords = {infrared: diffuse background, infrared: galaxies, cosmic background radiation, galaxies: statistics, galaxies: evolution},
 month = {July},
 pages = {L30},
 title = {{Dissecting the cosmic infra-red background with Herschel/PEP}},
 volume = {518},
 year = {2010}
}

@article{2010A&A...524A..76B,
 adsnote = {Provided by the SAO/NASA Astrophysics Data System},
 adsurl = {https://ui.adsabs.harvard.edu/abs/2010A&A...524A..76B},
 archiveprefix = {arXiv},
 author = {{Bolzonella}, M. and {Kova{\v{c}}}, K. and {Pozzetti}, L. and
{Zucca}, E. and {Cucciati}, O. and {Lilly}, S.~J. and {Peng}, Y. and
{Iovino}, A. and {Zamorani}, G. and {Vergani}, D. and
{Tasca}, L.~A.~M. and {Lamareille}, F. and {Oesch}, P. and
{Caputi}, K. and {Kampczyk}, P. and {Bardelli}, S. and {Maier}, C. and
{Abbas}, U. and {Knobel}, C. and {Scodeggio}, M. and {Carollo}, C.~M. and
{Contini}, T. and {Kneib}, J. -P. and {Le F{\`e}vre}, O. and
{Mainieri}, V. and {Renzini}, A. and {Bongiorno}, A. and {Coppa}, G. and
{de la Torre}, S. and {de Ravel}, L. and {Franzetti}, P. and
{Garilli}, B. and {Le Borgne}, J. -F. and {Le Brun}, V. and
{Mignoli}, M. and {Pell{\'o}}, R. and {Perez-Montero}, E. and
{Ricciardelli}, E. and {Silverman}, J.~D. and {Tanaka}, M. and
{Tresse}, L. and {Bottini}, D. and {Cappi}, A. and {Cassata}, P. and
{Cimatti}, A. and {Guzzo}, L. and {Koekemoer}, A.~M. and
{Leauthaud}, A. and {Maccagni}, D. and {Marinoni}, C. and
{McCracken}, H.~J. and {Memeo}, P. and {Meneux}, B. and {Porciani}, C. and
{Scaramella}, R. and {Aussel}, H. and {Capak}, P. and {Halliday}, C. and
{Ilbert}, O. and {Kartaltepe}, J. and {Salvato}, M. and {Sanders}, D. and
{Scarlata}, C. and {Scoville}, N. and {Taniguchi}, Y. and
{Thompson}, D.},
 doi = {10.1051/0004-6361/200912801},
 eid = {A76},
 eprint = {0907.0013},
 journal = {\aap},
 keywords = {cosmology: observations, galaxies: evolution, galaxies: fundamental parameters, galaxies: luminosity function, mass function, Astrophysics - Cosmology and Extragalactic Astrophysics},
 month = {Dec},
 pages = {A76},
 primaryclass = {astro-ph.CO},
 title = {{Tracking the impact of environment on the galaxy stellar mass function up to z \raisebox{-0.5ex}\textasciitilde 1 in the 10 k zCOSMOS sample}},
 volume = {524},
 year = {2010}
}

@article{2010ApJ...708..202M,
 adsnote = {Provided by the SAO/NASA Astrophysics Data System},
 adsurl = {http://adsabs.harvard.edu/abs/2010ApJ...708..202M},
 archiveprefix = {arXiv},
 author = {{McCracken}, H.~J. and {Capak}, P. and {Salvato}, M. and {Aussel}, H. and
{Thompson}, D. and {Daddi}, E. and {Sanders}, D.~B. and {Kneib}, J.-P. and
{Willott}, C.~J. and {Mancini}, C. and {Renzini}, A. and {Cook}, R. and
{Le F{\`e}vre}, O. and {Ilbert}, O. and {Kartaltepe}, J. and
{Koekemoer}, A.~M. and {Mellier}, Y. and {Murayama}, T. and
{Scoville}, N.~Z. and {Shioya}, Y. and {Tanaguchi}, Y.},
 doi = {10.1088/0004-637X/708/1/202},
 eprint = {0910.2705},
 journal = {\apj},
 keywords = {cosmology: observations, dark matter, galaxies: evolution, galaxies: formation, large-scale structure of universe, surveys},
 month = {January},
 pages = {202-217},
 title = {{The COSMOS-WIRCam Near-Infrared Imaging Survey. I. BzK-Selected Passive and Star-Forming Galaxy Candidates at z gsim 1.4}},
 volume = {708},
 year = {2010}
}

@article{2010ApJ...709..644I,
 adsnote = {Provided by the SAO/NASA Astrophysics Data System},
 adsurl = {http://adsabs.harvard.edu/abs/2010ApJ...709..644I},
 archiveprefix = {arXiv},
 author = {{Ilbert}, O. and {Salvato}, M. and {Le Floc'h}, E. and {Aussel}, H. and
{Capak}, P. and {McCracken}, H.~J. and {Mobasher}, B. and {Kartaltepe}, J. and
{Scoville}, N. and {Sanders}, D.~B. and {Arnouts}, S. and {Bundy}, K. and
{Cassata}, P. and {Kneib}, J.-P. and {Koekemoer}, A. and {Le F{\`e}vre}, O. and
{Lilly}, S. and {Surace}, J. and {Taniguchi}, Y. and {Tasca}, L. and
{Thompson}, D. and {Tresse}, L. and {Zamojski}, M. and {Zamorani}, G. and
{Zucca}, E.},
 doi = {10.1088/0004-637X/709/2/644},
 eprint = {0903.0102},
 journal = {\apj},
 keywords = {galaxies: evolution, galaxies: formation, galaxies: luminosity function, mass function},
 month = {February},
 pages = {644-663},
 primaryclass = {astro-ph.CO},
 title = {{Galaxy Stellar Mass Assembly Between 0.2 {\lt} z {\lt} 2 from the S-COSMOS Survey}},
 volume = {709},
 year = {2010}
}

@article{2010MNRAS.403.1894D,
 adsnote = {Provided by the SAO/NASA Astrophysics Data System},
 adsurl = {https://ui.adsabs.harvard.edu/abs/2010MNRAS.403.1894D},
 archiveprefix = {arXiv},
 author = {{da Cunha}, Elisabete and {Eminian}, Celine and {Charlot}, St{\'e}phane and
{Blaizot}, J{\'e}r{\'e}my},
 doi = {10.1111/j.1365-2966.2010.16344.x},
 eprint = {1001.2309},
 journal = {\mnras},
 keywords = {dust, extinction, galaxies: evolution, galaxies: ISM, galaxies: statistics, galaxies: stellar content, Astrophysics - Cosmology and Nongalactic Astrophysics},
 month = {Apr},
 number = {4},
 pages = {1894-1908},
 primaryclass = {astro-ph.CO},
 title = {{New insight into the relation between star formation activity and dust content in galaxies}},
 volume = {403},
 year = {2010}
}

@article{2010MNRAS.407.1529H,
 adsnote = {Provided by the SAO/NASA Astrophysics Data System},
 adsurl = {https://ui.adsabs.harvard.edu/abs/2010MNRAS.407.1529H},
 archiveprefix = {arXiv},
 author = {{Hopkins}, Philip F. and {Quataert}, Eliot},
 doi = {10.1111/j.1365-2966.2010.17064.x},
 eprint = {0912.3257},
 journal = {\mnras},
 keywords = {galaxies: active, galaxies: evolution, quasars: general, cosmology: theory, Astrophysics - Cosmology and Extragalactic Astrophysics, Astrophysics - Galaxy Astrophysics, Astrophysics - High Energy Astrophysical Phenomena},
 month = {Sep},
 number = {3},
 pages = {1529-1564},
 primaryclass = {astro-ph.CO},
 title = {{How do massive black holes get their gas?}},
 volume = {407},
 year = {2010}
}

@article{2011A&A...532A..49B,
 adsnote = {Provided by the SAO/NASA Astrophysics Data System},
 adsurl = {http://adsabs.harvard.edu/abs/2011A%26A...532A..49B},
 archiveprefix = {arXiv},
 author = {{Berta}, S. and {Magnelli}, B. and {Nordon}, R. and {Lutz}, D. and
{Wuyts}, S. and {Altieri}, B. and {Andreani}, P. and {Aussel}, H. and
{Casta{\~n}eda}, H. and {Cepa}, J. and {Cimatti}, A. and {Daddi}, E. and
{Elbaz}, D. and {F{\"o}rster Schreiber}, N.~M. and {Genzel}, R. and
{Le Floc'h}, E. and {Maiolino}, R. and {P{\'e}rez-Fournon}, I. and
{Poglitsch}, A. and {Popesso}, P. and {Pozzi}, F. and {Riguccini}, L. and
{Rodighiero}, G. and {Sanchez-Portal}, M. and {Sturm}, E. and
{Tacconi}, L.~J. and {Valtchanov}, I.},
 doi = {10.1051/0004-6361/201116844},
 eid = {A49},
 eprint = {1106.3070},
 journal = {\aap},
 keywords = {infrared: diffuse background, infrared: galaxies, cosmic background radiation, galaxies: statistics, galaxies: evolution},
 month = {August},
 pages = {A49},
 title = {{Building the cosmic infrared background brick by brick with Herschel/PEP}},
 volume = {532},
 year = {2011}
}

@article{2011A&A...532A..90L,
 adsnote = {Provided by the SAO/NASA Astrophysics Data System},
 adsurl = {http://adsabs.harvard.edu/abs/2011A%26A...532A..90L},
 archiveprefix = {arXiv},
 author = {{Lutz}, D. and {Poglitsch}, A. and {Altieri}, B. and {Andreani}, P. and
{Aussel}, H. and {Berta}, S. and {Bongiovanni}, A. and {Brisbin}, D. and
{Cava}, A. and {Cepa}, J. and {Cimatti}, A. and {Daddi}, E. and
{Dominguez-Sanchez}, H. and {Elbaz}, D. and {F{\"o}rster Schreiber}, N.~M. and
{Genzel}, R. and {Grazian}, A. and {Gruppioni}, C. and {Harwit}, M. and
{Le Floc'h}, E. and {Magdis}, G. and {Magnelli}, B. and {Maiolino}, R. and
{Nordon}, R. and {P{\'e}rez Garc{\'{\i}}a}, A.~M. and {Popesso}, P. and
{Pozzi}, F. and {Riguccini}, L. and {Rodighiero}, G. and {Saintonge}, A. and
{Sanchez Portal}, M. and {Santini}, P. and {Shao}, L. and {Sturm}, E. and
{Tacconi}, L.~J. and {Valtchanov}, I. and {Wetzstein}, M. and
{Wieprecht}, E.},
 doi = {10.1051/0004-6361/201117107},
 eid = {A90},
 eprint = {1106.3285},
 journal = {\aap},
 month = {August},
 pages = {A90},
 title = {{PACS Evolutionary Probe (PEP) - A Herschel key program}},
 volume = {532},
 year = {2011}
}

@article{2011ApJ...731...45H,
 adsnote = {Provided by the SAO/NASA Astrophysics Data System},
 adsurl = {https://ui.adsabs.harvard.edu/abs/2011ApJ...731...45H},
 archiveprefix = {arXiv},
 author = {{Hong}, Sungryong and {Calzetti}, Daniela and {Dopita}, Michael A. and {Blair}, William P. and {Whitmore}, Bradley C. and {Balick}, Bruce and {Bond}, Howard E. and {Carollo}, Marcella and {Disney}, Michael J. and {Frogel}, Jay A. and {Hall}, Donald and {Holtzman}, Jon A. and {Kimble}, Randy A. and {McCarthy}, Patrick J. and {O'Connell}, Robert W. and {Paresce}, Francesco and {Saha}, Abhijit and {Silk}, Joseph I. and {Trauger}, John T. and {Walker}, Alistair R. and {Windhorst}, Rogier A. and {Young}, Erick T. and {Mutchler}, Max},
 doi = {10.1088/0004-637X/731/1/45},
 eid = {45},
 eprint = {1102.2444},
 journal = {\apj},
 keywords = {galaxies: interactions, galaxies: ISM, galaxies: starburst, ISM: structure, Astrophysics - Cosmology and Nongalactic Astrophysics},
 month = {April},
 number = {1},
 pages = {45},
 primaryclass = {astro-ph.CO},
 title = {{Large-scale Shock-ionized and Photoionized Gas in M83: The Impact of Star Formation}},
 volume = {731},
 year = {2011}
}

@article{2011ApJ...739L..40R,
 adsnote = {Provided by the SAO/NASA Astrophysics Data System},
 adsurl = {https://ui.adsabs.harvard.edu/abs/2011ApJ...739L..40R},
 archiveprefix = {arXiv},
 author = {{Rodighiero}, G. and {Daddi}, E. and {Baronchelli}, I. and
{Cimatti}, A. and {Renzini}, A. and {Aussel}, H. and {Popesso}, P. and
{Lutz}, D. and {Andreani}, P. and {Berta}, S. and {Cava}, A. and
{Elbaz}, D. and {Feltre}, A. and {Fontana}, A. and
{F{\"o}rster Schreiber}, N.~M. and {Franceschini}, A. and {Genzel}, R. and
{Grazian}, A. and {Gruppioni}, C. and {Ilbert}, O. and {Le Floch}, E. and
{Magdis}, G. and {Magliocchetti}, M. and {Magnelli}, B. and
{Maiolino}, R. and {McCracken}, H. and {Nordon}, R. and
{Poglitsch}, A. and {Santini}, P. and {Pozzi}, F. and {Riguccini}, L. and
{Tacconi}, L.~J. and {Wuyts}, S. and {Zamorani}, G.},
 doi = {10.1088/2041-8205/739/2/L40},
 eid = {L40},
 eprint = {1108.0933},
 journal = {\apjl},
 keywords = {galaxies: evolution, galaxies: interactions, galaxies: nuclei, galaxies: starburst, Astrophysics - Cosmology and Nongalactic Astrophysics},
 month = {Oct},
 number = {2},
 pages = {L40},
 primaryclass = {astro-ph.CO},
 title = {{The Lesser Role of Starbursts in Star Formation at z = 2}},
 volume = {739},
 year = {2011}
}

@article{2011ApJ...741L..33B,
 adsnote = {Provided by the SAO/NASA Astrophysics Data System},
 adsurl = {https://ui.adsabs.harvard.edu/abs/2011ApJ...741L..33B},
 archiveprefix = {arXiv},
 author = {{Bournaud}, Fr{\'e}d{\'e}ric and {Dekel}, Avishai and {Teyssier}, Romain and {Cacciato}, Marcello and {Daddi}, Emanuele and {Juneau}, St{\'e}phanie and {Shankar}, Francesco},
 doi = {10.1088/2041-8205/741/2/L33},
 eid = {L33},
 eprint = {1107.1483},
 journal = {\apjl},
 keywords = {galaxies: active, galaxies: formation, galaxies: high-redshift, galaxies: nuclei, X-rays: galaxies, Astrophysics - Cosmology and Nongalactic Astrophysics},
 month = {November},
 number = {2},
 pages = {L33},
 primaryclass = {astro-ph.CO},
 title = {{Black Hole Growth and Active Galactic Nuclei Obscuration by Instability-driven Inflows in High-redshift Disk Galaxies Fed by Cold Streams}},
 volume = {741},
 year = {2011}
}

@article{2011ApJ...742...24L,
 adsnote = {Provided by the SAO/NASA Astrophysics Data System},
 adsurl = {https://ui.adsabs.harvard.edu/abs/2011ApJ...742...24L},
 archiveprefix = {arXiv},
 author = {{Lapi}, A. and {Gonz{\'a}lez-Nuevo}, J. and {Fan}, L. and {Bressan}, A. and {De Zotti}, G. and {Danese}, L. and {Negrello}, M. and {Dunne}, L. and {Eales}, S. and {Maddox}, S. and {Auld}, R. and {Baes}, M. and {Bonfield}, D.~G. and {Buttiglione}, S. and {Cava}, A. and {Clements}, D.~L. and {Cooray}, A. and {Dariush}, A. and {Dye}, S. and {Fritz}, J. and {Herranz}, D. and {Hopwood}, R. and {Ibar}, E. and {Ivison}, R. and {Jarvis}, M.~J. and {Kaviraj}, S. and {L{\'o}pez-Caniego}, M. and {Massardi}, M. and {Micha{\l}owski}, M.~J. and {Pascale}, E. and {Pohlen}, M. and {Rigby}, E. and {Rodighiero}, G. and {Serjeant}, S. and {Smith}, D.~J.~B. and {Temi}, P. and {Wardlow}, J. and {van der Werf}, P.},
 doi = {10.1088/0004-637X/742/1/24},
 eid = {24},
 eprint = {1108.3911},
 journal = {\apj},
 keywords = {galaxies: evolution, galaxies: formation, galaxies: high-redshift, submillimeter: galaxies, Astrophysics - Cosmology and Nongalactic Astrophysics},
 month = {November},
 number = {1},
 pages = {24},
 primaryclass = {astro-ph.CO},
 title = {{Herschel-ATLAS Galaxy Counts and High-redshift Luminosity Functions: The Formation of Massive Early-type Galaxies}},
 volume = {742},
 year = {2011}
}

@article{2011ApJ...742...61S,
 adsnote = {Provided by the SAO/NASA Astrophysics Data System},
 adsurl = {https://ui.adsabs.harvard.edu/abs/2011ApJ...742...61S},
 archiveprefix = {arXiv},
 author = {{Salvato}, M. and {Ilbert}, O. and {Hasinger}, G. and {Rau}, A. and
{Civano}, F. and {Zamorani}, G. and {Brusa}, M. and {Elvis}, M. and
{Vignali}, C. and {Aussel}, H. and {Comastri}, A. and {Fiore}, F. and
{Le Floc'h}, E. and {Mainieri}, V. and {Bardelli}, S. and
{Bolzonella}, M. and {Bongiorno}, A. and {Capak}, P. and {Caputi}, K. and
{Cappelluti}, N. and {Carollo}, C.~M. and {Contini}, T. and
{Garilli}, B. and {Iovino}, A. and {Fotopoulou}, S. and
{Fruscione}, A. and {Gilli}, R. and {Halliday}, C. and {Kneib}, J. -P. and
{Kakazu}, Y. and {Kartaltepe}, J.~S. and {Koekemoer}, A.~M. and
{Kovac}, K. and {Ideue}, Y. and {Ikeda}, H. and {Impey}, C.~D. and
{Le Fevre}, O. and {Lamareille}, F. and {Lanzuisi}, G. and
{Le Borgne}, J. -F. and {Le Brun}, V. and {Lilly}, S. and {Maier}, C. and
{Manohar}, S. and {Masters}, D. and {McCracken}, H. and {Messias}, H. and
{Mignoli}, M. and {Mobasher}, B. and {Nagao}, T. and {Pello}, R. and
{Puccetti}, S. and {Perez-Montero}, E. and {Renzini}, A. and
{Sargent}, M. and {Sanders}, D.~B. and {Scodeggio}, M. and
{Scoville}, N. and {Shopbell}, P. and {Silvermann}, J. and
{Taniguchi}, Y. and {Tasca}, L. and {Tresse}, L. and {Trump}, J.~R. and
{Zucca}, E.},
 doi = {10.1088/0004-637X/742/2/61},
 eid = {61},
 eprint = {1108.6061},
 journal = {\apj},
 keywords = {galaxies: active, galaxies: distances and redshifts, methods: data analysis, surveys, techniques: photometric, X-rays: galaxies, Astrophysics - Cosmology and Nongalactic Astrophysics},
 month = {Dec},
 number = {2},
 pages = {61},
 primaryclass = {astro-ph.CO},
 title = {{Dissecting Photometric Redshift for Active Galactic Nucleus Using XMM- and Chandra-COSMOS Samples}},
 volume = {742},
 year = {2011}
}

@article{2012A&A...544A.156M,
 adsnote = {Provided by the SAO/NASA Astrophysics Data System},
 adsurl = {https://ui.adsabs.harvard.edu/abs/2012A&A...544A.156M},
 archiveprefix = {arXiv},
 author = {{McCracken}, H.~J. and {Milvang-Jensen}, B. and {Dunlop}, J. and
{Franx}, M. and {Fynbo}, J.~P.~U. and {Le F{\`e}vre}, O. and
{Holt}, J. and {Caputi}, K.~I. and {Goranova}, Y. and {Buitrago}, F. and
{Emerson}, J.~P. and {Freudling}, W. and {Hudelot}, P. and
{L{\'o}pez-Sanjuan}, C. and {Magnard}, F. and {Mellier}, Y. and
{M{\o}ller}, P. and {Nilsson}, K.~K. and {Sutherland}, W. and
{Tasca}, L. and {Zabl}, J.},
 doi = {10.1051/0004-6361/201219507},
 eid = {A156},
 eprint = {1204.6586},
 journal = {\aap},
 keywords = {surveys, galaxies: general, galaxies: high-redshift, cosmology: observations, large-scale structure of Universe, Astrophysics - Cosmology and Extragalactic Astrophysics},
 month = {Aug},
 pages = {A156},
 primaryclass = {astro-ph.CO},
 title = {{UltraVISTA: a new ultra-deep near-infrared survey in COSMOS}},
 volume = {544},
 year = {2012}
}

@article{2012A&A...545A..45R,
 adsnote = {Provided by the SAO/NASA Astrophysics Data System},
 adsurl = {http://adsabs.harvard.edu/abs/2012A%26A...545A..45R},
 archiveprefix = {arXiv},
 author = {{Rosario}, D.~J. and {Santini}, P. and {Lutz}, D. and {Shao}, L. and
{Maiolino}, R. and {Alexander}, D.~M. and {Altieri}, B. and
{Andreani}, P. and {Aussel}, H. and {Bauer}, F.~E. and {Berta}, S. and
{Bongiovanni}, A. and {Brandt}, W.~N. and {Brusa}, M. and {Cepa}, J. and
{Cimatti}, A. and {Cox}, T.~J. and {Daddi}, E. and {Elbaz}, D. and
{Fontana}, A. and {F{\"o}rster Schreiber}, N.~M. and {Genzel}, R. and
{Grazian}, A. and {Le Floch}, E. and {Magnelli}, B. and {Mainieri}, V. and
{Netzer}, H. and {Nordon}, R. and {P{\'e}rez Garcia}, I. and
{Poglitsch}, A. and {Popesso}, P. and {Pozzi}, F. and {Riguccini}, L. and
{Rodighiero}, G. and {Salvato}, M. and {Sanchez-Portal}, M. and
{Sturm}, E. and {Tacconi}, L.~J. and {Valtchanov}, I. and {Wuyts}, S.},
 doi = {10.1051/0004-6361/201219258},
 eid = {A45},
 eprint = {1203.6069},
 journal = {\aap},
 keywords = {galaxies: active, galaxies: star formation, infrared: galaxies, X-rays: galaxies},
 month = {September},
 pages = {A45},
 primaryclass = {astro-ph.CO},
 title = {{The mean star formation rate of X-ray selected active galaxies and its evolution from z \~{} 2.5: results from PEP-Herschel}},
 volume = {545},
 year = {2012}
}

@article{2012ApJ...746...90A,
 adsnote = {Provided by the SAO/NASA Astrophysics Data System},
 adsurl = {http://adsabs.harvard.edu/abs/2012ApJ...746...90A},
 archiveprefix = {arXiv},
 author = {{Aird}, J. and {Coil}, A.~L. and {Moustakas}, J. and {Blanton}, M.~R. and
{Burles}, S.~M. and {Cool}, R.~J. and {Eisenstein}, D.~J. and
{Smith}, M.~S.~M. and {Wong}, K.~C. and {Zhu}, G.},
 doi = {10.1088/0004-637X/746/1/90},
 eid = {90},
 eprint = {1107.4368},
 journal = {\apj},
 keywords = {galaxies: active, galaxies: evolution, X-rays: galaxies},
 month = {February},
 pages = {90},
 title = {{PRIMUS: The Dependence of AGN Accretion on Host Stellar Mass and Color}},
 volume = {746},
 year = {2012}
}

@article{2012ApJ...747L..31S,
 adsnote = {Provided by the SAO/NASA Astrophysics Data System},
 adsurl = {http://adsabs.harvard.edu/abs/2012ApJ...747L..31S},
 archiveprefix = {arXiv},
 author = {{Sargent}, M.~T. and {B{\'e}thermin}, M. and {Daddi}, E. and
{Elbaz}, D.},
 doi = {10.1088/2041-8205/747/2/L31},
 eid = {L31},
 eprint = {1202.0290},
 journal = {\apjl},
 keywords = {cosmology: observations, galaxies: evolution, galaxies: luminosity function, mass function, galaxies: starburst, surveys},
 month = {March},
 pages = {L31},
 title = {{The Contribution of Starbursts and Normal Galaxies to Infrared Luminosity Functions at z {\lt} 2}},
 volume = {747},
 year = {2012}
}

@article{2012ApJ...753L..30M,
 adsnote = {Provided by the SAO/NASA Astrophysics Data System},
 adsurl = {https://ui.adsabs.harvard.edu/abs/2012ApJ...753L..30M},
 archiveprefix = {arXiv},
 author = {{Mullaney}, J.~R. and {Daddi}, E. and {B{\'e}thermin}, M. and
{Elbaz}, D. and {Juneau}, S. and {Pannella}, M. and {Sargent}, M.~T. and
{Alexander}, D.~M. and {Hickox}, R.~C.},
 doi = {10.1088/2041-8205/753/2/L30},
 eid = {L30},
 eprint = {1204.2824},
 journal = {\apjl},
 keywords = {galaxies: active, galaxies: evolution, galaxies: star formation, X-rays: general, Astrophysics - Cosmology and Nongalactic Astrophysics},
 month = {Jul},
 number = {2},
 pages = {L30},
 primaryclass = {astro-ph.CO},
 title = {{The Hidden ``AGN Main Sequence'': Evidence for a Universal Black Hole Accretion to Star Formation Rate Ratio since z \raisebox{-0.5ex}\textasciitilde 2 Producing an M $_{BH}$-M $_{*}$ Relation}},
 volume = {753},
 year = {2012}
}

@article{2012ApJS..201...30C,
 adsnote = {Provided by the SAO/NASA Astrophysics Data System},
 adsurl = {https://ui.adsabs.harvard.edu/abs/2012ApJS..201...30C},
 archiveprefix = {arXiv},
 author = {{Civano}, F. and {Elvis}, M. and {Brusa}, M. and {Comastri}, A. and
{Salvato}, M. and {Zamorani}, G. and {Aldcroft}, T. and
{Bongiorno}, A. and {Capak}, P. and {Cappelluti}, N. and
{Cisternas}, M. and {Fiore}, F. and {Fruscione}, A. and {Hao}, H. and
{Kartaltepe}, J. and {Koekemoer}, A. and {Gilli}, R. and
{Impey}, C.~D. and {Lanzuisi}, G. and {Lusso}, E. and {Mainieri}, V. and
{Miyaji}, T. and {Lilly}, S. and {Masters}, D. and {Puccetti}, S. and
{Schawinski}, K. and {Scoville}, N.~Z. and {Silverman}, J. and
{Trump}, J. and {Urry}, M. and {Vignali}, C. and {Wright}, N.~J.},
 doi = {10.1088/0067-0049/201/2/30},
 eid = {30},
 eprint = {1205.5030},
 journal = {\apjs},
 keywords = {galaxies: active, surveys, X-rays: galaxies: clusters, Astrophysics - Cosmology and Nongalactic Astrophysics},
 month = {Aug},
 number = {2},
 pages = {30},
 primaryclass = {astro-ph.CO},
 title = {{The Chandra COSMOS Survey. III. Optical and Infrared Identification of X-Ray Point Sources}},
 volume = {201},
 year = {2012}
}

@article{2012ApJS..203...23H,
 adsnote = {Provided by the SAO/NASA Astrophysics Data System},
 adsurl = {https://ui.adsabs.harvard.edu/abs/2012ApJS..203...23H},
 archiveprefix = {arXiv},
 author = {{Hsieh}, Bau-Ching and {Wang}, Wei-Hao and {Hsieh}, Chih-Chiang and
{Lin}, Lihwai and {Yan}, Haojing and {Lim}, Jeremy and {Ho}, Paul T.~P.},
 doi = {10.1088/0067-0049/203/2/23},
 eid = {23},
 eprint = {1210.4519},
 journal = {\apjs},
 keywords = {catalogs, cosmology: observations, galaxies: evolution, galaxies: formation, galaxies: high-redshift, infrared: galaxies, Astrophysics - Cosmology and Nongalactic Astrophysics},
 month = {Dec},
 number = {2},
 pages = {23},
 primaryclass = {astro-ph.CO},
 title = {{The Taiwan ECDFS Near-Infrared Survey: Ultra-deep J and K$_{S}$ Imaging in the Extended Chandra Deep Field-South}},
 volume = {203},
 year = {2012}
}

@article{2012ARA&A..50..531K,
 adsnote = {Provided by the SAO/NASA Astrophysics Data System},
 adsurl = {https://ui.adsabs.harvard.edu/abs/2012ARA&A..50..531K},
 archiveprefix = {arXiv},
 author = {{Kennicutt}, Robert C. and {Evans}, Neal J.},
 doi = {10.1146/annurev-astro-081811-125610},
 eprint = {1204.3552},
 journal = {\araa},
 keywords = {Astrophysics - Astrophysics of Galaxies, Astrophysics - Cosmology and Nongalactic Astrophysics},
 month = {September},
 pages = {531-608},
 primaryclass = {astro-ph.GA},
 title = {{Star Formation in the Milky Way and Nearby Galaxies}},
 volume = {50},
 year = {2012}
}

@article{2012MNRAS.419...95M,
 adsnote = {Provided by the SAO/NASA Astrophysics Data System},
 adsurl = {http://adsabs.harvard.edu/abs/2012MNRAS.419...95M},
 archiveprefix = {arXiv},
 author = {{Mullaney}, J.~R. and {Pannella}, M. and {Daddi}, E. and {Alexander}, D.~M. and
{Elbaz}, D. and {Hickox}, R.~C. and {Bournaud}, F. and {Altieri}, B. and
{Aussel}, H. and {Coia}, D. and {Dannerbauer}, H. and {Dasyra}, K. and
{Dickinson}, M. and {Hwang}, H.~S. and {Kartaltepe}, J. and
{Leiton}, R. and {Magdis}, G. and {Magnelli}, B. and {Popesso}, P. and
{Valtchanov}, I. and {Bauer}, F.~E. and {Brandt}, W.~N. and
{Del Moro}, A. and {Hanish}, D.~J. and {Ivison}, R.~J. and {Juneau}, S. and
{Luo}, B. and {Lutz}, D. and {Sargent}, M.~T. and {Scott}, D. and
{Xue}, Y.~Q.},
 doi = {10.1111/j.1365-2966.2011.19675.x},
 eprint = {1106.4284},
 journal = {\mnras},
 keywords = {galaxies, active, galaxies, high-redshift, galaxies, star formation, infrared, galaxies, X-rays, galaxies},
 month = {January},
 pages = {95-115},
 title = {{GOODS-Herschel: the far-infrared view of star formation in active galactic nucleus host galaxies since z {\ap} 3}},
 volume = {419},
 year = {2012}
}

@article{2012MNRAS.420.2190V,
 adsnote = {Provided by the SAO/NASA Astrophysics Data System},
 adsurl = {https://ui.adsabs.harvard.edu/abs/2012MNRAS.420.2190V},
 archiveprefix = {arXiv},
 author = {{Vattakunnel}, S. and {Tozzi}, P. and {Matteucci}, F. and {Padovani}, P. and {Miller}, N. and {Bonzini}, M. and {Mainieri}, V. and {Paolillo}, M. and {Vincoletto}, L. and {Brandt}, W.~N. and {Luo}, B. and {Kellermann}, K.~I. and {Xue}, Y.~Q.},
 doi = {10.1111/j.1365-2966.2011.20185.x},
 eprint = {1111.3285},
 journal = {\mnras},
 keywords = {galaxies: active, galaxies: star formation, cosmology: observations, X-rays: galaxies, Astrophysics - Cosmology and Nongalactic Astrophysics, Astrophysics - High Energy Astrophysical Phenomena},
 month = {March},
 number = {3},
 pages = {2190-2208},
 primaryclass = {astro-ph.CO},
 title = {{The radio-X-ray relation as a star formation indicator: results from the Very Large Array-Extended Chandra Deep Field-South}},
 volume = {420},
 year = {2012}
}

@article{2012MNRAS.424.1614O,
 adsnote = {Provided by the SAO/NASA Astrophysics Data System},
 adsurl = {https://ui.adsabs.harvard.edu/abs/2012MNRAS.424.1614O},
 archiveprefix = {arXiv},
 author = {{Oliver}, S.~J. and {Bock}, J. and {Altieri}, B. and {Amblard}, A. and
{Arumugam}, V. and {Aussel}, H. and {Babbedge}, T. and {Beelen}, A. and
{B{\'e}thermin}, M. and {Blain}, A. and {Boselli}, A. and {Bridge}, C. and
{Brisbin}, D. and {Buat}, V. and {Burgarella}, D. and
{Castro-Rodr{\'\i}guez}, N. and {Cava}, A. and {Chanial}, P. and
{Cirasuolo}, M. and {Clements}, D.~L. and {Conley}, A. and
{Conversi}, L. and {Cooray}, A. and {Dowell}, C.~D. and
{Dubois}, E.~N. and {Dwek}, E. and {Dye}, S. and {Eales}, S. and
{Elbaz}, D. and {Farrah}, D. and {Feltre}, A. and {Ferrero}, P. and
{Fiolet}, N. and {Fox}, M. and {Franceschini}, A. and {Gear}, W. and
{Giovannoli}, E. and {Glenn}, J. and {Gong}, Y. and
{Gonz{\'a}lez Solares}, E.~A. and {Griffin}, M. and {Halpern}, M. and
{Harwit}, M. and {Hatziminaoglou}, E. and {Heinis}, S. and
{Hurley}, P. and {Hwang}, H.~S. and {Hyde}, A. and {Ibar}, E. and
{Ilbert}, O. and {Isaak}, K. and {Ivison}, R.~J. and {Lagache}, G. and
{Le Floc'h}, E. and {Levenson}, L. and {Faro}, B. Lo and {Lu}, N. and
{Madden}, S. and {Maffei}, B. and {Magdis}, G. and {Mainetti}, G. and
{Marchetti}, L. and {Marsden}, G. and {Marshall}, J. and
{Mortier}, A.~M.~J. and {Nguyen}, H.~T. and {O'Halloran}, B. and
{Omont}, A. and {Page}, M.~J. and {Panuzzo}, P. and {Papageorgiou}, A. and
{Patel}, H. and {Pearson}, C.~P. and {P{\'e}rez-Fournon}, I. and
{Pohlen}, M. and {Rawlings}, J.~I. and {Raymond}, G. and
{Rigopoulou}, D. and {Riguccini}, L. and {Rizzo}, D. and
{Rodighiero}, G. and {Roseboom}, I.~G. and {Rowan-Robinson}, M. and
{S{\'a}nchez Portal}, M. and {Schulz}, B. and {Scott}, Douglas and
{Seymour}, N. and {Shupe}, D.~L. and {Smith}, A.~J. and
{Stevens}, J.~A. and {Symeonidis}, M. and {Trichas}, M. and
{Tugwell}, K.~E. and {Vaccari}, M. and {Valtchanov}, I. and
{Vieira}, J.~D. and {Viero}, M. and {Vigroux}, L. and {Wang}, L. and
{Ward}, R. and {Wardlow}, J. and {Wright}, G. and {Xu}, C.~K. and
{Zemcov}, M.},
 doi = {10.1111/j.1365-2966.2012.20912.x},
 eprint = {1203.2562},
 journal = {\mnras},
 keywords = {surveys, galaxies: evolution, infrared: galaxies, submillimetre: galaxies, Astrophysics - Cosmology and Nongalactic Astrophysics},
 month = {Aug},
 number = {3},
 pages = {1614-1635},
 primaryclass = {astro-ph.CO},
 title = {{The Herschel Multi-tiered Extragalactic Survey: HerMES}},
 volume = {424},
 year = {2012}
}

@article{2012MNRAS.425..623L,
 adsnote = {Provided by the SAO/NASA Astrophysics Data System},
 adsurl = {https://ui.adsabs.harvard.edu/abs/2012MNRAS.425..623L},
 archiveprefix = {arXiv},
 author = {{Lusso}, E. and {Comastri}, A. and {Simmons}, B.~D. and {Mignoli}, M. and
{Zamorani}, G. and {Vignali}, C. and {Brusa}, M. and {Shankar}, F. and
{Lutz}, D. and {Trump}, J.~R. and {Maiolino}, R. and {Gilli}, R. and
{Bolzonella}, M. and {Puccetti}, S. and {Salvato}, M. and
{Impey}, C.~D. and {Civano}, F. and {Elvis}, M. and {Mainieri}, V. and
{Silverman}, J.~D. and {Koekemoer}, A.~M. and {Bongiorno}, A. and
{Merloni}, A. and {Berta}, S. and {Le Floc'h}, E. and {Magnelli}, B. and
{Pozzi}, F. and {Riguccini}, L.},
 doi = {10.1111/j.1365-2966.2012.21513.x},
 eprint = {1206.2642},
 journal = {\mnras},
 keywords = {methods: statistical, galaxies: active, galaxies: evolution, quasars: general, Astrophysics - Cosmology and Nongalactic Astrophysics},
 month = {Sep},
 number = {1},
 pages = {623-640},
 primaryclass = {astro-ph.CO},
 title = {{Bolometric luminosities and Eddington ratios of X-ray selected active galactic nuclei in the XMM-COSMOS survey}},
 volume = {425},
 year = {2012}
}

@article{2012MNRAS.426..120F,
 adsnote = {Provided by the SAO/NASA Astrophysics Data System},
 adsurl = {https://ui.adsabs.harvard.edu/abs/2012MNRAS.426..120F},
 archiveprefix = {arXiv},
 author = {{Feltre}, A. and {Hatziminaoglou}, E. and {Fritz}, J. and
{Franceschini}, A.},
 doi = {10.1111/j.1365-2966.2012.21695.x},
 eprint = {1207.2668},
 journal = {\mnras},
 keywords = {radiative transfer, galaxies: active, infrared: general, Astrophysics - Cosmology and Nongalactic Astrophysics},
 month = {Oct},
 number = {1},
 pages = {120-127},
 primaryclass = {astro-ph.CO},
 title = {{Smooth and clumpy dust distributions in AGN: a direct comparison of two commonly explored infrared emission models}},
 volume = {426},
 year = {2012}
}

@article{2012MNRAS.426.1870M,
 adsnote = {Provided by the SAO/NASA Astrophysics Data System},
 adsurl = {https://ui.adsabs.harvard.edu/abs/2012MNRAS.426.1870M},
 archiveprefix = {arXiv},
 author = {{Mineo}, S. and {Gilfanov}, M. and {Sunyaev}, R.},
 doi = {10.1111/j.1365-2966.2012.21831.x},
 eprint = {1205.3715},
 journal = {\mnras},
 keywords = {galaxies: star formation, X-rays: binaries, X-rays: galaxies, X-rays: ISM, Astrophysics - High Energy Astrophysical Phenomena},
 month = {November},
 number = {3},
 pages = {1870-1883},
 primaryclass = {astro-ph.HE},
 title = {{X-ray emission from star-forming galaxies - II. Hot interstellarmedium}},
 volume = {426},
 year = {2012}
}

@article{2012MNRAS.427.3103B,
 adsnote = {Provided by the SAO/NASA Astrophysics Data System},
 adsurl = {http://adsabs.harvard.edu/abs/2012MNRAS.427.3103B},
 archiveprefix = {arXiv},
 author = {{Bongiorno}, A. and {Merloni}, A. and {Brusa}, M. and {Magnelli}, B. and
{Salvato}, M. and {Mignoli}, M. and {Zamorani}, G. and {Fiore}, F. and
{Rosario}, D. and {Mainieri}, V. and {Hao}, H. and {Comastri}, A. and
{Vignali}, C. and {Balestra}, I. and {Bardelli}, S. and {Berta}, S. and
{Civano}, F. and {Kampczyk}, P. and {Le Floc'h}, E. and {Lusso}, E. and
{Lutz}, D. and {Pozzetti}, L. and {Pozzi}, F. and {Riguccini}, L. and
{Shankar}, F. and {Silverman}, J.},
 doi = {10.1111/j.1365-2966.2012.22089.x},
 eprint = {1209.1640},
 journal = {\mnras},
 keywords = {catalogues, surveys, galaxies: active, galaxies: evolution, galaxies: fundamental parameters},
 month = {December},
 pages = {3103-3133},
 title = {{Accreting supermassive black holes in the COSMOS field and the connection to their host galaxies}},
 volume = {427},
 year = {2012}
}

@article{2013A&A...551A.100B,
 adsnote = {Provided by the SAO/NASA Astrophysics Data System},
 adsurl = {http://adsabs.harvard.edu/abs/2013A%26A...551A.100B},
 archiveprefix = {arXiv},
 author = {{Berta}, S. and {Lutz}, D. and {Santini}, P. and {Wuyts}, S. and
{Rosario}, D. and {Brisbin}, D. and {Cooray}, A. and {Franceschini}, A. and
{Gruppioni}, C. and {Hatziminaoglou}, E. and {Hwang}, H.~S. and
{Le Floc'h}, E. and {Magnelli}, B. and {Nordon}, R. and {Oliver}, S. and
{Page}, M.~J. and {Popesso}, P. and {Pozzetti}, L. and {Pozzi}, F. and
{Riguccini}, L. and {Rodighiero}, G. and {Roseboom}, I. and
{Scott}, D. and {Symeonidis}, M. and {Valtchanov}, I. and {Viero}, M. and
{Wang}, L.},
 doi = {10.1051/0004-6361/201220859},
 eid = {A100},
 eprint = {1301.4496},
 journal = {\aap},
 keywords = {infrared: galaxies, galaxies: statistics, galaxies: star formation, galaxies: active, galaxies: evolution},
 month = {March},
 pages = {A100},
 primaryclass = {astro-ph.CO},
 title = {{Panchromatic spectral energy distributions of Herschel sources}},
 volume = {551},
 year = {2013}
}

@article{2013A&A...556A..55I,
 adsnote = {Provided by the SAO/NASA Astrophysics Data System},
 adsurl = {http://adsabs.harvard.edu/abs/2013A%26A...556A..55I},
 archiveprefix = {arXiv},
 author = {{Ilbert}, O. and {McCracken}, H.~J. and {Le F{\`e}vre}, O. and
{Capak}, P. and {Dunlop}, J. and {Karim}, A. and {Renzini}, M.~A. and
{Caputi}, K. and {Boissier}, S. and {Arnouts}, S. and {Aussel}, H. and
{Comparat}, J. and {Guo}, Q. and {Hudelot}, P. and {Kartaltepe}, J. and
{Kneib}, J.~P. and {Krogager}, J.~K. and {Le Floc'h}, E. and
{Lilly}, S. and {Mellier}, Y. and {Milvang-Jensen}, B. and {Moutard}, T. and
{Onodera}, M. and {Richard}, J. and {Salvato}, M. and {Sanders}, D.~B. and
{Scoville}, N. and {Silverman}, J.~D. and {Taniguchi}, Y. and
{Tasca}, L. and {Thomas}, R. and {Toft}, S. and {Tresse}, L. and
{Vergani}, D. and {Wolk}, M. and {Zirm}, A.},
 doi = {10.1051/0004-6361/201321100},
 eid = {A55},
 eprint = {1301.3157},
 journal = {\aap},
 keywords = {galaxies: distances and redshifts, galaxies: evolution, galaxies: formation, galaxies: star formation, galaxies: stellar content},
 month = {August},
 pages = {A55},
 primaryclass = {astro-ph.CO},
 title = {{Mass assembly in quiescent and star-forming galaxies since z {\sime} 4 from UltraVISTA}},
 volume = {556},
 year = {2013}
}

@article{2013A&A...558A..67A,
 adsnote = {Provided by the SAO/NASA Astrophysics Data System},
 adsurl = {https://ui.adsabs.harvard.edu/abs/2013A&A...558A..67A},
 archiveprefix = {arXiv},
 author = {{Arnouts}, S. and {Le Floc'h}, E. and {Chevallard}, J. and
{Johnson}, B.~D. and {Ilbert}, O. and {Treyer}, M. and {Aussel}, H. and
{Capak}, P. and {Sanders}, D.~B. and {Scoville}, N. and
{McCracken}, H.~J. and {Milliard}, B. and {Pozzetti}, L. and
{Salvato}, M.},
 doi = {10.1051/0004-6361/201321768},
 eid = {A67},
 eprint = {1309.0008},
 journal = {\aap},
 keywords = {infrared: galaxies, ultraviolet: galaxies, galaxies: evolution, Astrophysics - Cosmology and Nongalactic Astrophysics},
 month = {Oct},
 pages = {A67},
 primaryclass = {astro-ph.CO},
 title = {{Encoding of the infrared excess in the NUVrK color diagram for star-forming galaxies}},
 volume = {558},
 year = {2013}
}

@article{2013ApJ...762..125N,
 adsnote = {Provided by the SAO/NASA Astrophysics Data System},
 adsurl = {https://ui.adsabs.harvard.edu/abs/2013ApJ...762..125N},
 archiveprefix = {arXiv},
 author = {{Nordon}, R. and {Lutz}, D. and {Saintonge}, A. and {Berta}, S. and
{Wuyts}, S. and {F{\"o}rster Schreiber}, N.~M. and {Genzel}, R. and
{Magnelli}, B. and {Poglitsch}, A. and {Popesso}, P. and {Rosario}, D. and
{Sturm}, E. and {Tacconi}, L.~J.},
 doi = {10.1088/0004-637X/762/2/125},
 eid = {125},
 eprint = {1211.5770},
 journal = {\apj},
 keywords = {cosmology: observations, galaxies: evolution, galaxies: fundamental parameters, galaxies: starburst, infrared: galaxies, ultraviolet: galaxies, Astrophysics - Cosmology and Nongalactic Astrophysics},
 month = {January},
 number = {2},
 pages = {125},
 primaryclass = {astro-ph.CO},
 title = {{The Far-infrared, UV, and Molecular Gas Relation in Galaxies up to z = 2.5}},
 volume = {762},
 year = {2013}
}

@article{2013ApJ...772..119L,
 adsnote = {Provided by the SAO/NASA Astrophysics Data System},
 adsurl = {https://ui.adsabs.harvard.edu/abs/2013ApJ...772..119L},
 archiveprefix = {arXiv},
 author = {{Lilly}, Simon J. and {Carollo}, C. Marcella and {Pipino}, Antonio and {Renzini}, Alvio and {Peng}, Yingjie},
 doi = {10.1088/0004-637X/772/2/119},
 eid = {119},
 eprint = {1303.5059},
 journal = {\apj},
 keywords = {dark matter, galaxies: abundances, galaxies: evolution, galaxies: halos, galaxies: ISM, Astrophysics - Cosmology and Nongalactic Astrophysics},
 month = {August},
 number = {2},
 pages = {119},
 primaryclass = {astro-ph.CO},
 title = {{Gas Regulation of Galaxies: The Evolution of the Cosmic Specific Star Formation Rate, the Metallicity-Mass-Star-formation Rate Relation, and the Stellar Content of Halos}},
 volume = {772},
 year = {2013}
}

@article{2013ApJ...776...63F,
 adsnote = {Provided by the SAO/NASA Astrophysics Data System},
 adsurl = {https://ui.adsabs.harvard.edu/abs/2013ApJ...776...63F},
 archiveprefix = {arXiv},
 author = {{Fang}, Jerome J. and {Faber}, S.~M. and {Koo}, David C. and
{Dekel}, Avishai},
 doi = {10.1088/0004-637X/776/1/63},
 eid = {63},
 eprint = {1308.5224},
 journal = {\apj},
 keywords = {galaxies: bulges, galaxies: evolution, galaxies: fundamental parameters, galaxies: star formation, galaxies: structure, Astrophysics - Cosmology and Nongalactic Astrophysics},
 month = {Oct},
 number = {1},
 pages = {63},
 primaryclass = {astro-ph.CO},
 title = {{A Link between Star Formation Quenching and Inner Stellar Mass Density in Sloan Digital Sky Survey Central Galaxies}},
 volume = {776},
 year = {2013}
}

@misc{2013ascl.soft01001B,
 adsnote = {Provided by the SAO/NASA Astrophysics Data System},
 adsurl = {https://ui.adsabs.harvard.edu/abs/2013ascl.soft01001B},
 archiveprefix = {ascl},
 author = {{Bertin}, Emmanuel},
 eid = {ascl:1301.001},
 eprint = {1301.001},
 keywords = {Software},
 month = {Jan},
 pages = {ascl:1301.001},
 title = {{PSFEx: Point Spread Function Extractor}},
 year = {2013}
}

@article{2013MNRAS.432...23G,
 adsnote = {Provided by the SAO/NASA Astrophysics Data System},
 adsurl = {http://adsabs.harvard.edu/abs/2013MNRAS.432...23G},
 archiveprefix = {arXiv},
 author = {{Gruppioni}, C. and {Pozzi}, F. and {Rodighiero}, G. and {Delvecchio}, I. and
{Berta}, S. and {Pozzetti}, L. and {Zamorani}, G. and {Andreani}, P. and
{Cimatti}, A. and {Ilbert}, O. and {Le Floc'h}, E. and {Lutz}, D. and
{Magnelli}, B. and {Marchetti}, L. and {Monaco}, P. and {Nordon}, R. and
{Oliver}, S. and {Popesso}, P. and {Riguccini}, L. and {Roseboom}, I. and
{Rosario}, D.~J. and {Sargent}, M. and {Vaccari}, M. and {Altieri}, B. and
{Aussel}, H. and {Bongiovanni}, A. and {Cepa}, J. and {Daddi}, E. and
{Dom{\'{\i}}nguez-S{\'a}nchez}, H. and {Elbaz}, D. and {F{\"o}rster Schreiber}, N. and
{Genzel}, R. and {Iribarrem}, A. and {Magliocchetti}, M. and
{Maiolino}, R. and {Poglitsch}, A. and {P{\'e}rez Garc{\'{\i}}a}, A. and
{Sanchez-Portal}, M. and {Sturm}, E. and {Tacconi}, L. and {Valtchanov}, I. and
{Amblard}, A. and {Arumugam}, V. and {Bethermin}, M. and {Bock}, J. and
{Boselli}, A. and {Buat}, V. and {Burgarella}, D. and {Castro-Rodr{\'{\i}}guez}, N. and
{Cava}, A. and {Chanial}, P. and {Clements}, D.~L. and {Conley}, A. and
{Cooray}, A. and {Dowell}, C.~D. and {Dwek}, E. and {Eales}, S. and
{Franceschini}, A. and {Glenn}, J. and {Griffin}, M. and {Hatziminaoglou}, E. and
{Ibar}, E. and {Isaak}, K. and {Ivison}, R.~J. and {Lagache}, G. and
{Levenson}, L. and {Lu}, N. and {Madden}, S. and {Maffei}, B. and
{Mainetti}, G. and {Nguyen}, H.~T. and {O'Halloran}, B. and
{Page}, M.~J. and {Panuzzo}, P. and {Papageorgiou}, A. and {Pearson}, C.~P. and
{P{\'e}rez-Fournon}, I. and {Pohlen}, M. and {Rigopoulou}, D. and
{Rowan-Robinson}, M. and {Schulz}, B. and {Scott}, D. and {Seymour}, N. and
{Shupe}, D.~L. and {Smith}, A.~J. and {Stevens}, J.~A. and {Symeonidis}, M. and
{Trichas}, M. and {Tugwell}, K.~E. and {Vigroux}, L. and {Wang}, L. and
{Wright}, G. and {Xu}, C.~K. and {Zemcov}, M. and {Bardelli}, S. and
{Carollo}, M. and {Contini}, T. and {Le F{\'e}vre}, O. and {Lilly}, S. and
{Mainieri}, V. and {Renzini}, A. and {Scodeggio}, M. and {Zucca}, E.},
 doi = {10.1093/mnras/stt308},
 eprint = {1302.5209},
 journal = {\mnras},
 keywords = {galaxies: active, galaxies: evolution, galaxies: luminosity function, mass function, galaxies: starburst, cosmology: observations, infrared: galaxies},
 month = {June},
 pages = {23-52},
 primaryclass = {astro-ph.CO},
 title = {{The Herschel PEP/HerMES luminosity function - I. Probing the evolution of PACS selected Galaxies to z {\sime} 4}},
 volume = {432},
 year = {2013}
}

@article{2014ApJ...782...69L,
 adsnote = {Provided by the SAO/NASA Astrophysics Data System},
 adsurl = {https://ui.adsabs.harvard.edu/abs/2014ApJ...782...69L},
 archiveprefix = {arXiv},
 author = {{Lapi}, A. and {Raimundo}, S. and {Aversa}, R. and {Cai}, Z. -Y. and {Negrello}, M. and {Celotti}, A. and {De Zotti}, G. and {Danese}, L.},
 doi = {10.1088/0004-637X/782/2/69},
 eid = {69},
 eprint = {1312.3751},
 journal = {\apj},
 keywords = {galaxies: elliptical and lenticular, cD, galaxies: evolution, galaxies: formation, galaxies: high-redshift, quasars: general, Astrophysics - Astrophysics of Galaxies, Astrophysics - Cosmology and Nongalactic Astrophysics},
 month = {February},
 number = {2},
 pages = {69},
 primaryclass = {astro-ph.GA},
 title = {{The Coevolution of Supermassive Black Holes and Massive Galaxies at High Redshift}},
 volume = {782},
 year = {2014}
}

@article{2014ApJ...786..104U,
 adsnote = {Provided by the SAO/NASA Astrophysics Data System},
 adsurl = {https://ui.adsabs.harvard.edu/abs/2014ApJ...786..104U},
 archiveprefix = {arXiv},
 author = {{Ueda}, Yoshihiro and {Akiyama}, Masayuki and {Hasinger}, G{\"u}nther and
{Miyaji}, Takamitsu and {Watson}, Michael G.},
 doi = {10.1088/0004-637X/786/2/104},
 eid = {104},
 eprint = {1402.1836},
 journal = {The Astrophysical Journal},
 keywords = {diffuse radiation, galaxies: active, quasars: general, surveys, X-rays: diffuse background, Astrophysics - Cosmology and Nongalactic Astrophysics, Astrophysics - Astrophysics of Galaxies},
 month = {May},
 number = {2},
 pages = {104},
 primaryclass = {astro-ph.CO},
 title = {{Toward the Standard Population Synthesis Model of the X-Ray Background: Evolution of X-Ray Luminosity and Absorption Functions of Active Galactic Nuclei Including Compton-thick Populations}},
 volume = {786},
 year = {2014}
}

@article{2014ARA&A..52..415M,
 adsnote = {Provided by the SAO/NASA Astrophysics Data System},
 adsurl = {https://ui.adsabs.harvard.edu/abs/2014ARA&A..52..415M},
 archiveprefix = {arXiv},
 author = {{Madau}, Piero and {Dickinson}, Mark},
 doi = {10.1146/annurev-astro-081811-125615},
 eprint = {1403.0007},
 journal = {\araa},
 keywords = {Astrophysics - Cosmology and Nongalactic Astrophysics},
 month = {Aug},
 pages = {415-486},
 primaryclass = {astro-ph.CO},
 title = {{Cosmic Star-Formation History}},
 volume = {52},
 year = {2014}
}

@article{2014MNRAS.439.2736D,
 adsnote = {Provided by the SAO/NASA Astrophysics Data System},
 adsurl = {https://ui.adsabs.harvard.edu/abs/2014MNRAS.439.2736D},
 archiveprefix = {arXiv},
 author = {{Delvecchio}, I. and {Gruppioni}, C. and {Pozzi}, F. and {Berta}, S. and
{Zamorani}, G. and {Cimatti}, A. and {Lutz}, D. and {Scott}, D. and
{Vignali}, C. and {Cresci}, G. and {Feltre}, A. and {Cooray}, A. and
{Vaccari}, M. and {Fritz}, J. and {Le Floc'h}, E. and {Magnelli}, B. and
{Popesso}, P. and {Oliver}, S. and {Bock}, J. and {Carollo}, M. and
{Contini}, T. and {Le F{\'e}vre}, O. and {Lilly}, S. and
{Mainieri}, V. and {Renzini}, A. and {Scodeggio}, M.},
 doi = {10.1093/mnras/stu130},
 eprint = {1401.4503},
 journal = {\mnras},
 keywords = {galaxies: evolution, galaxies: nuclei, infrared: galaxies, Astrophysics - Astrophysics of Galaxies, Astrophysics - Cosmology and Nongalactic Astrophysics},
 month = {Apr},
 number = {3},
 pages = {2736-2754},
 primaryclass = {astro-ph.GA},
 title = {{Tracing the cosmic growth of supermassive black holes to z ̃ 3 with Herschel}},
 volume = {439},
 year = {2014}
}

@article{2014MNRAS.443...19R,
 adsnote = {Provided by the SAO/NASA Astrophysics Data System},
 adsurl = {https://ui.adsabs.harvard.edu/abs/2014MNRAS.443...19R},
 archiveprefix = {arXiv},
 author = {{Rodighiero}, G. and {Renzini}, A. and {Daddi}, E. and
{Baronchelli}, I. and {Berta}, S. and {Cresci}, G. and
{Franceschini}, A. and {Gruppioni}, C. and {Lutz}, D. and
{Mancini}, C. and {Santini}, P. and {Zamorani}, G. and {Silverman}, J. and
{Kashino}, D. and {Andreani}, P. and {Cimatti}, A. and
{S{\'a}nchez}, H. Dom{\'\i}nguez and {Le Floch}, E. and {Magnelli}, B. and
{Popesso}, P. and {Pozzi}, F.},
 doi = {10.1093/mnras/stu1110},
 eprint = {1406.1189},
 journal = {\mnras},
 keywords = {galaxies: active, galaxies: evolution, galaxies: starburst, cosmology: observations, infrared: galaxies, Astrophysics - Astrophysics of Galaxies, Astrophysics - Cosmology and Nongalactic Astrophysics},
 month = {Sep},
 number = {1},
 pages = {19-30},
 primaryclass = {astro-ph.GA},
 title = {{A multiwavelength consensus on the main sequence of star-forming galaxies at z ̃ 2}},
 volume = {443},
 year = {2014}
}

@article{2014MNRAS.445.3557V,
 adsnote = {Provided by the SAO/NASA Astrophysics Data System},
 adsurl = {https://ui.adsabs.harvard.edu/abs/2014MNRAS.445.3557V},
 archiveprefix = {arXiv},
 author = {{Vito}, F. and {Gilli}, R. and {Vignali}, C. and {Comastri}, A. and
{Brusa}, M. and {Cappelluti}, N. and {Iwasawa}, K.},
 doi = {10.1093/mnras/stu2004},
 eprint = {1409.6918},
 journal = {Monthly Notices of the Royal Astronomical Society},
 keywords = {methods: data analysis, surveys, galaxies: active, X-rays: galaxies, Astrophysics - Astrophysics of Galaxies, Astrophysics - Cosmology and Nongalactic Astrophysics},
 month = {Dec},
 number = {4},
 pages = {3557-3574},
 primaryclass = {astro-ph.GA},
 title = {{The hard X-ray luminosity function of high-redshift (3 \&lt; z {\ensuremath{\lesssim}} 5) active galactic nuclei}},
 volume = {445},
 year = {2014}
}

@article{2015A&A...573A.113B,
 adsnote = {Provided by the SAO/NASA Astrophysics Data System},
 adsurl = {https://ui.adsabs.harvard.edu/abs/2015A&A...573A.113B},
 archiveprefix = {arXiv},
 author = {{B{\'e}thermin}, Matthieu and {Daddi}, Emanuele and {Magdis}, Georgios and
{Lagos}, Claudia and {Sargent}, Mark and {Albrecht}, Marcus and
{Aussel}, Herv{\'e} and {Bertoldi}, Frank and {Buat}, V{\'e}ronique and
{Galametz}, Maud and {Heinis}, S{\'e}bastien and {Ilbert}, Olivier and
{Karim}, Alexander and {Koekemoer}, Anton and {Lacey}, Cedric and
{Le Floc'h}, Emeric and {Navarrete}, Felipe and {Pannella}, Maurilio and
{Schreiber}, Corentin and {Smol{\v{c}}i{\'c}}, Vernesa and
{Symeonidis}, Myrto and {Viero}, Marco},
 doi = {10.1051/0004-6361/201425031},
 eid = {A113},
 eprint = {1409.5796},
 journal = {\aap},
 keywords = {galaxies: formation, galaxies: evolution, galaxies: high-redshift, galaxies: star formation, infrared: galaxies, submillimeter: galaxies, Astrophysics - Astrophysics of Galaxies, Astrophysics - Cosmology and Nongalactic Astrophysics},
 month = {Jan},
 pages = {A113},
 primaryclass = {astro-ph.GA},
 title = {{Evolution of the dust emission of massive galaxies up to z = 4 and constraints on their dominant mode of star formation}},
 volume = {573},
 year = {2015}
}

@article{2015A&A...575A..74S,
 adsnote = {Provided by the SAO/NASA Astrophysics Data System},
 adsurl = {https://ui.adsabs.harvard.edu/abs/2015A&A...575A..74S},
 archiveprefix = {arXiv},
 author = {{Schreiber}, C. and {Pannella}, M. and {Elbaz}, D. and
{B{\'e}thermin}, M. and {Inami}, H. and {Dickinson}, M. and
{Magnelli}, B. and {Wang}, T. and {Aussel}, H. and {Daddi}, E. and
{Juneau}, S. and {Shu}, X. and {Sargent}, M.~T. and {Buat}, V. and
{Faber}, S.~M. and {Ferguson}, H.~C. and {Giavalisco}, M. and
{Koekemoer}, A.~M. and {Magdis}, G. and {Morrison}, G.~E. and
{Papovich}, C. and {Santini}, P. and {Scott}, D.},
 doi = {10.1051/0004-6361/201425017},
 eid = {A74},
 eprint = {1409.5433},
 journal = {\aap},
 keywords = {methods: statistical, galaxies: evolution, galaxies: active, galaxies: starburst, Astrophysics - Astrophysics of Galaxies},
 month = {Mar},
 pages = {A74},
 primaryclass = {astro-ph.GA},
 title = {{The Herschel view of the dominant mode of galaxy growth from z = 4 to the present day}},
 volume = {575},
 year = {2015}
}

@article{2015A&A...579A...2I,
 adsnote = {Provided by the SAO/NASA Astrophysics Data System},
 adsurl = {https://ui.adsabs.harvard.edu/abs/2015A&A...579A...2I},
 archiveprefix = {arXiv},
 author = {{Ilbert}, O. and {Arnouts}, S. and {Le Floc'h}, E. and {Aussel}, H. and
{Bethermin}, M. and {Capak}, P. and {Hsieh}, B. -C. and {Kajisawa}, M. and
{Karim}, A. and {Le F{\`e}vre}, O. and {Lee}, N. and {Lilly}, S. and
{McCracken}, H.~J. and {Michel-Dansac}, L. and {Moutard}, T. and
{Renzini}, M.~A. and {Salvato}, M. and {Sanders}, D.~B. and
{Scoville}, N. and {Sheth}, K. and {Silverman}, J.~D. and
{Smol{\v{c}}i{\'c}}, V. and {Taniguchi}, Y. and {Tresse}, L.},
 doi = {10.1051/0004-6361/201425176},
 eid = {A2},
 eprint = {1410.4875},
 journal = {\aap},
 keywords = {galaxies: evolution, galaxies: luminosity function, mass function, galaxies: stellar content, galaxies: star formation, galaxies: statistics, galaxies: formation, Astrophysics - Astrophysics of Galaxies},
 month = {Jul},
 pages = {A2},
 primaryclass = {astro-ph.GA},
 title = {{Evolution of the specific star formation rate function at z\&lt; 1.4 Dissecting the mass-SFR plane in COSMOS and GOODS}},
 volume = {579},
 year = {2015}
}

@article{2015A&A...581A..54T,
 adsnote = {Provided by the SAO/NASA Astrophysics Data System},
 adsurl = {https://ui.adsabs.harvard.edu/abs/2015A&A...581A..54T},
 archiveprefix = {arXiv},
 author = {{Tasca}, L.~A.~M. and {Le F{\`e}vre}, O. and {Hathi}, N.~P. and
{Schaerer}, D. and {Ilbert}, O. and {Zamorani}, G. and {Lemaux}, B.~C. and
{Cassata}, P. and {Garilli}, B. and {Le Brun}, V. and {Maccagni}, D. and
{Pentericci}, L. and {Thomas}, R. and {Vanzella}, E. and {Zucca}, E. and
{Amorin}, R. and {Bardelli}, S. and {Cassar{\`a}}, L.~P. and
{Castellano}, M. and {Cimatti}, A. and {Cucciati}, O. and
{Durkalec}, A. and {Fontana}, A. and {Giavalisco}, M. and
{Grazian}, A. and {Paltani}, S. and {Ribeiro}, B. and {Scodeggio}, M. and
{Sommariva}, V. and {Talia}, M. and {Tresse}, L. and {Vergani}, D. and
{Capak}, P. and {Charlot}, S. and {Contini}, T. and {de la Torre}, S. and
{Dunlop}, J. and {Fotopoulou}, S. and {Koekemoer}, A. and
{L{\'o}pez-Sanjuan}, C. and {Mellier}, Y. and {Pforr}, J. and
{Salvato}, M. and {Scoville}, N. and {Taniguchi}, Y. and {Wang}, P.~W.},
 doi = {10.1051/0004-6361/201425379},
 eid = {A54},
 eprint = {1411.5687},
 journal = {\aap},
 keywords = {galaxies: evolution, galaxies: star formation, galaxies: formation, galaxies: high-redshift, Astrophysics - Astrophysics of Galaxies, Astrophysics - Cosmology and Nongalactic Astrophysics},
 month = {Sep},
 pages = {A54},
 primaryclass = {astro-ph.GA},
 title = {{The evolving star formation rate: M$_{{\ensuremath{\star}}}$ relation and sSFR since z ≃ 5 from the VUDS spectroscopic survey}},
 volume = {581},
 year = {2015}
}

@article{2015A&ARv..23....1B,
 adsnote = {Provided by the SAO/NASA Astrophysics Data System},
 adsurl = {https://ui.adsabs.harvard.edu/abs/2015A&ARv..23....1B},
 archiveprefix = {arXiv},
 author = {{Brandt}, W.~N. and {Alexander}, D.~M.},
 doi = {10.1007/s00159-014-0081-z},
 eid = {1},
 eprint = {1501.01982},
 journal = {\aapr},
 keywords = {Surveys, Cosmology: observations, Galaxies: active, Galaxies: nuclei, Galaxies: Seyfert, Galaxies: quasars, Galaxies: evolution, Black hole physics, Astrophysics - High Energy Astrophysical Phenomena, Astrophysics - Cosmology and Nongalactic Astrophysics, Astrophysics - Astrophysics of Galaxies},
 month = {Jan},
 pages = {1},
 primaryclass = {astro-ph.HE},
 title = {{Cosmic X-ray surveys of distant active galaxies. The demographics, physics, and ecology of growing supermassive black holes}},
 volume = {23},
 year = {2015}
}

@article{2015ApJ...800L..10R,
 adsnote = {Provided by the SAO/NASA Astrophysics Data System},
 adsurl = {https://ui.adsabs.harvard.edu/abs/2015ApJ...800L..10R},
 archiveprefix = {arXiv},
 author = {{Rodighiero}, G. and {Brusa}, M. and {Daddi}, E. and {Negrello}, M. and
{Mullaney}, J.~R. and {Delvecchio}, I. and {Lutz}, D. and
{Renzini}, A. and {Franceschini}, A. and {Baronchelli}, I. and
{Pozzi}, F. and {Gruppioni}, C. and {Strazzullo}, V. and {Cimatti}, A. and
{Silverman}, J.},
 doi = {10.1088/2041-8205/800/1/L10},
 eid = {L10},
 eprint = {1501.04634},
 journal = {\apjl},
 keywords = {galaxies: evolution, galaxies: interactions, galaxies: nuclei, galaxies: starburst, Astrophysics - Astrophysics of Galaxies},
 month = {Feb},
 number = {1},
 pages = {L10},
 primaryclass = {astro-ph.GA},
 title = {{Relationship between Star Formation Rate and Black Hole Accretion At Z = 2: the Different Contributions in Quiescent, Normal, and Starburst Galaxies}},
 volume = {800},
 year = {2015}
}

@article{2015ApJ...801...97S,
 adsnote = {Provided by the SAO/NASA Astrophysics Data System},
 adsurl = {https://ui.adsabs.harvard.edu/abs/2015ApJ...801...97S},
 archiveprefix = {arXiv},
 author = {{Santini}, P. and {Ferguson}, H.~C. and {Fontana}, A. and
{Mobasher}, B. and {Barro}, G. and {Castellano}, M. and
{Finkelstein}, S.~L. and {Grazian}, A. and {Hsu}, L.~T. and {Lee}, B. and
{Lee}, S. -K. and {Pforr}, J. and {Salvato}, M. and {Wiklind}, T. and
{Wuyts}, S. and {Almaini}, O. and {Cooper}, M.~C. and {Galametz}, A. and
{Weiner}, B. and {Amorin}, R. and {Boutsia}, K. and {Conselice}, C.~J. and
{Dahlen}, T. and {Dickinson}, M.~E. and {Giavalisco}, M. and
{Grogin}, N.~A. and {Guo}, Y. and {Hathi}, N.~P. and {Kocevski}, D. and
{Koekemoer}, A.~M. and {Kurczynski}, P. and {Merlin}, E. and
{Mortlock}, A. and {Newman}, J.~A. and {Paris}, D. and
{Pentericci}, L. and {Simons}, R. and {Willner}, S.~P.},
 doi = {10.1088/0004-637X/801/2/97},
 eid = {97},
 eprint = {1412.5180},
 journal = {\apj},
 keywords = {catalogs, galaxies: fundamental parameters, galaxies: high-redshift, galaxies: stellar content, surveys, Astrophysics - Astrophysics of Galaxies},
 month = {Mar},
 number = {2},
 pages = {97},
 primaryclass = {astro-ph.GA},
 title = {{Stellar Masses from the CANDELS Survey: The GOODS-South and UDS Fields}},
 volume = {801},
 year = {2015}
}

@article{2015ApJ...806..187A,
 adsnote = {Provided by the SAO/NASA Astrophysics Data System},
 adsurl = {https://ui.adsabs.harvard.edu/abs/2015ApJ...806..187A},
 archiveprefix = {arXiv},
 author = {{Azadi}, Mojegan and {Aird}, James and {Coil}, Alison L. and
{Moustakas}, John and {Mendez}, Alexander J. and {Blanton}, Michael R. and
{Cool}, Richard J. and {Eisenstein}, Daniel J. and {Wong}, Kenneth C. and
{Zhu}, Guangtun},
 doi = {10.1088/0004-637X/806/2/187},
 eid = {187},
 eprint = {1407.1975},
 journal = {\apj},
 keywords = {galaxies: active, galaxies: evolution, X-rays: galaxies, Astrophysics - Astrophysics of Galaxies},
 month = {Jun},
 number = {2},
 pages = {187},
 primaryclass = {astro-ph.GA},
 title = {{PRIMUS: The Relationship between Star Formation and AGN Accretion}},
 volume = {806},
 year = {2015}
}

@article{2015ApJ...810...74A,
 adsnote = {Provided by the SAO/NASA Astrophysics Data System},
 adsurl = {https://ui.adsabs.harvard.edu/abs/2015ApJ...810...74A},
 archiveprefix = {arXiv},
 author = {{Aversa}, R. and {Lapi}, A. and {de Zotti}, G. and {Shankar}, F. and
{Danese}, L.},
 doi = {10.1088/0004-637X/810/1/74},
 eid = {74},
 eprint = {1507.07318},
 journal = {\apj},
 keywords = {black hole physics, galaxies: evolution, galaxies: formation, methods: analytical, quasars: supermassive black holes, Astrophysics - Astrophysics of Galaxies, Astrophysics - Cosmology and Nongalactic Astrophysics},
 month = {Sep},
 number = {1},
 pages = {74},
 primaryclass = {astro-ph.GA},
 title = {{Black Hole and Galaxy Coevolution from Continuity Equation and Abundance Matching}},
 volume = {810},
 year = {2015}
}

@article{2015ApJ...813...82R,
 adsnote = {Provided by the SAO/NASA Astrophysics Data System},
 adsurl = {https://ui.adsabs.harvard.edu/abs/2015ApJ...813...82R},
 archiveprefix = {arXiv},
 author = {{Reines}, Amy E. and {Volonteri}, Marta},
 doi = {10.1088/0004-637X/813/2/82},
 eid = {82},
 eprint = {1508.06274},
 journal = {\apj},
 keywords = {galaxies: active, galaxies: evolution, galaxies: nuclei, galaxies: Seyfert, Astrophysics - Astrophysics of Galaxies},
 month = {Nov},
 number = {2},
 pages = {82},
 primaryclass = {astro-ph.GA},
 title = {{Relations between Central Black Hole Mass and Total Galaxy Stellar Mass in the Local Universe}},
 volume = {813},
 year = {2015}
}

@article{2015ApJ...815L..13R,
 adsnote = {Provided by the SAO/NASA Astrophysics Data System},
 adsurl = {https://ui.adsabs.harvard.edu/abs/2015ApJ...815L..13R},
 archiveprefix = {arXiv},
 author = {{Ricci}, C. and {Ueda}, Y. and {Koss}, M.~J. and {Trakhtenbrot}, B. and
{Bauer}, F.~E. and {Gandhi}, P.},
 doi = {10.1088/2041-8205/815/1/L13},
 eid = {L13},
 eprint = {1603.04852},
 journal = {The Astrophysical Journal},
 keywords = {galaxies: active, galaxies: Seyfert, quasars: general, X-rays: diffuse background, X-rays: general, Astrophysics - High Energy Astrophysical Phenomena, Astrophysics - Cosmology and Nongalactic Astrophysics, Astrophysics - Astrophysics of Galaxies},
 month = {Dec},
 number = {1},
 pages = {L13},
 primaryclass = {astro-ph.HE},
 title = {{Compton-thick Accretion in the Local Universe}},
 volume = {815},
 year = {2015}
}

@article{2015ApJS..218...33A,
 adsnote = {Provided by the SAO/NASA Astrophysics Data System},
 adsurl = {https://ui.adsabs.harvard.edu/abs/2015ApJS..218...33A},
 archiveprefix = {arXiv},
 author = {{Ashby}, M.~L.~N. and {Willner}, S.~P. and {Fazio}, G.~G. and
{Dunlop}, J.~S. and {Egami}, E. and {Faber}, S.~M. and
{Ferguson}, H.~C. and {Grogin}, N.~A. and {Hora}, J.~L. and
{Huang}, J. -S. and {Koekemoer}, A.~M. and {Labb{\'e}}, I. and
{Wang}, Z.},
 doi = {10.1088/0067-0049/218/2/33},
 eid = {33},
 eprint = {1506.01323},
 journal = {\apjs},
 keywords = {galaxies: high-redshift, infrared: galaxies, surveys, Astrophysics - Astrophysics of Galaxies, Astrophysics - Cosmology and Nongalactic Astrophysics},
 month = {Jun},
 number = {2},
 pages = {33},
 primaryclass = {astro-ph.GA},
 title = {{S-CANDELS: The Spitzer-Cosmic Assembly Near-Infrared Deep Extragalactic Survey. Survey Design, Photometry, and Deep IRAC Source Counts}},
 volume = {218},
 year = {2015}
}

@article{2015ARA&A..53...51S,
 adsnote = {Provided by the SAO/NASA Astrophysics Data System},
 adsurl = {https://ui.adsabs.harvard.edu/abs/2015ARA&A..53...51S},
 archiveprefix = {arXiv},
 author = {{Somerville}, Rachel S. and {Dav{\'e}}, Romeel},
 doi = {10.1146/annurev-astro-082812-140951},
 eprint = {1412.2712},
 journal = {\araa},
 keywords = {Astrophysics - Astrophysics of Galaxies},
 month = {Aug},
 pages = {51-113},
 primaryclass = {astro-ph.GA},
 title = {{Physical Models of Galaxy Formation in a Cosmological Framework}},
 volume = {53},
 year = {2015}
}

@article{2015ARA&A..53..365N,
 adsnote = {Provided by the SAO/NASA Astrophysics Data System},
 adsurl = {https://ui.adsabs.harvard.edu/abs/2015ARA&A..53..365N},
 archiveprefix = {arXiv},
 author = {{Netzer}, Hagai},
 doi = {10.1146/annurev-astro-082214-122302},
 eprint = {1505.00811},
 journal = {\araa},
 keywords = {Astrophysics - Astrophysics of Galaxies},
 month = {August},
 pages = {365-408},
 primaryclass = {astro-ph.GA},
 title = {{Revisiting the Unified Model of Active Galactic Nuclei}},
 volume = {53},
 year = {2015}
}

@article{2015MNRAS.451.3419G,
 adsnote = {Provided by the SAO/NASA Astrophysics Data System},
 adsurl = {https://ui.adsabs.harvard.edu/abs/2015MNRAS.451.3419G},
 archiveprefix = {arXiv},
 author = {{Gruppioni}, C. and {Calura}, F. and {Pozzi}, F. and {Delvecchio}, I. and
{Berta}, S. and {De Lucia}, G. and {Fontanot}, F. and
{Franceschini}, A. and {Marchetti}, L. and {Menci}, N. and
{Monaco}, P. and {Vaccari}, M.},
 doi = {10.1093/mnras/stv1204},
 eprint = {1506.01518},
 journal = {\mnras},
 keywords = {galaxies: evolution, galaxies: formation, galaxies: star formation, cosmology: observations, infrared: galaxies, Astrophysics - Astrophysics of Galaxies, Astrophysics - Cosmology and Nongalactic Astrophysics},
 month = {Aug},
 number = {4},
 pages = {3419-3426},
 primaryclass = {astro-ph.GA},
 title = {{Star formation in Herschel's Monsters versus semi-analytic models}},
 volume = {451},
 year = {2015}
}

@article{2015PASJ...67..104T,
 adsnote = {Provided by the SAO/NASA Astrophysics Data System},
 adsurl = {https://ui.adsabs.harvard.edu/abs/2015PASJ...67..104T},
 archiveprefix = {arXiv},
 author = {{Taniguchi}, Yoshiaki and {Kajisawa}, Masaru and
{Kobayashi}, Masakazu A.~R. and {Shioya}, Yasuhiro and {Nagao}, Tohru and
{Capak}, Peter L. and {Aussel}, Herve and {Ichikawa}, Akie and
{Murayama}, Takashi and {Scoville}, Nick Z. and {Ilbert}, Olivier and
{Salvato}, Mara and {Sanders}, David B.~B. and {Mobasher}, Bahram and
{Miyazaki}, Satoshi and {Komiyama}, Yutaka and {Le F{\`e}vre}, Olivier and
{Tasca}, Lidia and {Lilly}, Simon and {Carollo}, Marcella and
{Renzini}, Alvio and {Rich}, Michael and {Schinnerer}, Eva and
{Kaifu}, Norio and {Karoji}, Hiroshi and {Arimoto}, Nobuo and
{Okamura}, Sadanori and {Ohta}, Kouji and {Shimasaku}, Kazuhiro and
{Hayashino}, Tomoki},
 doi = {10.1093/pasj/psv106},
 eid = {104},
 eprint = {1510.00550},
 journal = {\pasj},
 keywords = {methods: observational, surveys, techniques: photometric, Astrophysics - Astrophysics of Galaxies},
 month = {Dec},
 number = {6},
 pages = {104},
 primaryclass = {astro-ph.GA},
 title = {{The Subaru COSMOS 20: Subaru optical imaging of the HST COSMOS field with 20 filters*}},
 volume = {67},
 year = {2015}
}

@article{2016A&A...592A.109C,
 adsnote = {Provided by the SAO/NASA Astrophysics Data System},
 adsurl = {https://ui.adsabs.harvard.edu/abs/2016A&A...592A.109C},
 archiveprefix = {arXiv},
 author = {{Corral}, A. and {Georgantopoulos}, I. and {Comastri}, A. and
{Ranalli}, P. and {Akylas}, A. and {Salvato}, M. and {Lanzuisi}, G. and
{Vignali}, C. and {Koutoulidis}, L.},
 doi = {10.1051/0004-6361/201527624},
 eid = {A109},
 eprint = {1605.08189},
 journal = {Astronomy and Astrophysics},
 keywords = {X-rays: general, X-rays: diffuse background, X-rays: galaxies, infrared: galaxies, Astrophysics - Astrophysics of Galaxies},
 month = {Aug},
 pages = {A109},
 primaryclass = {astro-ph.GA},
 title = {{X-ray observations of dust obscured galaxies in the Chandra deep field south}},
 volume = {592},
 year = {2016}
}

@article{2016ApJ...817...34M,
 adsnote = {Provided by the SAO/NASA Astrophysics Data System},
 adsurl = {https://ui.adsabs.harvard.edu/abs/2016ApJ...817...34M},
 archiveprefix = {arXiv},
 author = {{Marchesi}, S. and {Civano}, F. and {Elvis}, M. and {Salvato}, M. and
{Brusa}, M. and {Comastri}, A. and {Gilli}, R. and {Hasinger}, G. and
{Lanzuisi}, G. and {Miyaji}, T. and {Treister}, E. and {Urry}, C.~M. and
{Vignali}, C. and {Zamorani}, G. and {Allevato}, V. and
{Cappelluti}, N. and {Cardamone}, C. and {Finoguenov}, A. and
{Griffiths}, R.~E. and {Karim}, A. and {Laigle}, C. and
{LaMassa}, S.~M. and {Jahnke}, K. and {Ranalli}, P. and
{Schawinski}, K. and {Schinnerer}, E. and {Silverman}, J.~D. and
{Smolcic}, V. and {Suh}, H. and {Trakhtenbrot}, B.},
 doi = {10.3847/0004-637X/817/1/34},
 eid = {34},
 eprint = {1512.01105},
 journal = {\apj},
 keywords = {catalogs, cosmology: observations, galaxies: active, galaxies: evolution, surveys, X-rays: general, Astrophysics - Astrophysics of Galaxies, Astrophysics - Cosmology and Nongalactic Astrophysics},
 month = {Jan},
 number = {1},
 pages = {34},
 primaryclass = {astro-ph.GA},
 title = {{The Chandra COSMOS Legacy survey: optical/IR identifications}},
 volume = {817},
 year = {2016}
}

@article{2016ApJ...817..118T,
 adsnote = {Provided by the SAO/NASA Astrophysics Data System},
 adsurl = {https://ui.adsabs.harvard.edu/abs/2016ApJ...817..118T},
 archiveprefix = {arXiv},
 author = {{Tomczak}, Adam R. and {Quadri}, Ryan F. and {Tran}, Kim-Vy H. and
{Labb{\'e}}, Ivo and {Straatman}, Caroline M.~S. and {Papovich}, Casey and
{Glazebrook}, Karl and {Allen}, Rebecca and {Brammer}, Gabreil B. and
{Cowley}, Michael and {Dickinson}, Mark and {Elbaz}, David and
{Inami}, Hanae and {Kacprzak}, Glenn G. and {Morrison}, Glenn E. and
{Nanayakkara}, Themiya and {Persson}, S. Eric and {Rees}, Glen A. and
{Salmon}, Brett and {Schreiber}, Corentin and {Spitler}, Lee R. and
{Whitaker}, Katherine E.},
 doi = {10.3847/0004-637X/817/2/118},
 eid = {118},
 eprint = {1510.06072},
 journal = {\apj},
 keywords = {galaxies: evolution, galaxies: luminosity function, mass function, galaxies: star formation, Astrophysics - Astrophysics of Galaxies},
 month = {Feb},
 number = {2},
 pages = {118},
 primaryclass = {astro-ph.GA},
 title = {{The SFR-M* Relation and Empirical Star-Formation Histories from ZFOURGE* at 0.5 \&lt; z \&lt; 4}},
 volume = {817},
 year = {2016}
}

@article{2016ApJ...819...62C,
 adsnote = {Provided by the SAO/NASA Astrophysics Data System},
 adsurl = {https://ui.adsabs.harvard.edu/abs/2016ApJ...819...62C},
 archiveprefix = {arXiv},
 author = {{Civano}, F. and {Marchesi}, S. and {Comastri}, A. and {Urry}, M.~C. and
{Elvis}, M. and {Cappelluti}, N. and {Puccetti}, S. and {Brusa}, M. and
{Zamorani}, G. and {Hasinger}, G. and {Aldcroft}, T. and {Alexand
er}, D.~M. and {Allevato}, V. and {Brunner}, H. and {Capak}, P. and
{Finoguenov}, A. and {Fiore}, F. and {Fruscione}, A. and {Gilli}, R. and
{Glotfelty}, K. and {Griffiths}, R.~E. and {Hao}, H. and
{Harrison}, F.~A. and {Jahnke}, K. and {Kartaltepe}, J. and
{Karim}, A. and {LaMassa}, S.~M. and {Lanzuisi}, G. and {Miyaji}, T. and
{Ranalli}, P. and {Salvato}, M. and {Sargent}, M. and
{Scoville}, N.~J. and {Schawinski}, K. and {Schinnerer}, E. and
{Silverman}, J. and {Smolcic}, V. and {Stern}, D. and {Toft}, S. and
{Trakhtenbrot}, B. and {Treister}, E. and {Vignali}, C.},
 doi = {10.3847/0004-637X/819/1/62},
 eid = {62},
 eprint = {1601.00941},
 journal = {\apj},
 keywords = {catalogs, cosmology: observations, galaxies: evolution, quasars: general, surveys, X-rays: general, Astrophysics - Astrophysics of Galaxies},
 month = {Mar},
 number = {1},
 pages = {62},
 primaryclass = {astro-ph.GA},
 title = {{The Chandra Cosmos Legacy Survey: Overview and Point Source Catalog}},
 volume = {819},
 year = {2016}
}

@article{2016ApJ...823..112P,
 adsnote = {Provided by the SAO/NASA Astrophysics Data System},
 adsurl = {https://ui.adsabs.harvard.edu/abs/2016ApJ...823..112P},
 archiveprefix = {arXiv},
 author = {{Paggi}, Alessandro and {Fabbiano}, Giuseppina and {Civano}, Francesca and
{Pellegrini}, Silvia and {Elvis}, Martin and {Kim}, Dong-Woo},
 doi = {10.3847/0004-637X/823/2/112},
 eid = {112},
 eprint = {1507.03170},
 journal = {\apj},
 keywords = {galaxies: elliptical and lenticular, cD, surveys, X-rays: galaxies, Astrophysics - Astrophysics of Galaxies},
 month = {Jun},
 number = {2},
 pages = {112},
 primaryclass = {astro-ph.GA},
 title = {{Hidden Active Galactic Nuclei in Early-type Galaxies}},
 volume = {823},
 year = {2016}
}

@article{2016ApJ...825....7L,
 adsnote = {Provided by the SAO/NASA Astrophysics Data System},
 adsurl = {https://ui.adsabs.harvard.edu/abs/2016ApJ...825....7L},
 archiveprefix = {arXiv},
 author = {{Lehmer}, B.~D. and {Basu-Zych}, A.~R. and {Mineo}, S. and {Brand
t}, W.~N. and {Eufrasio}, R.~T. and {Fragos}, T. and
{Hornschemeier}, A.~E. and {Luo}, B. and {Xue}, Y.~Q. and
{Bauer}, F.~E. and {Gilfanov}, M. and {Ranalli}, P. and
{Schneider}, D.~P. and {Shemmer}, O. and {Tozzi}, P. and
{Trump}, J.~R. and {Vignali}, C. and {Wang}, J. -X. and {Yukita}, M. and
{Zezas}, A.},
 doi = {10.3847/0004-637X/825/1/7},
 eid = {7},
 eprint = {1604.06461},
 journal = {\apj},
 keywords = {galaxies: evolution, surveys, X-rays: binaries, X-rays: galaxies, X-rays: general, Astrophysics - Astrophysics of Galaxies, Astrophysics - Cosmology and Nongalactic Astrophysics},
 month = {Jul},
 number = {1},
 pages = {7},
 primaryclass = {astro-ph.GA},
 title = {{The Evolution of Normal Galaxy X-Ray Emission through Cosmic History: Constraints from the 6 MS Chandra Deep Field-South}},
 volume = {825},
 year = {2016}
}

@article{2016ApJ...833..152M,
 adsnote = {Provided by the SAO/NASA Astrophysics Data System},
 adsurl = {https://ui.adsabs.harvard.edu/abs/2016ApJ...833..152M},
 archiveprefix = {arXiv},
 author = {{Mancuso}, C. and {Lapi}, A. and {Shi}, J. and {Cai}, Z. -Y. and {Gonzalez-Nuevo}, J. and {B{\'e}thermin}, M. and {Danese}, L.},
 doi = {10.3847/1538-4357/833/2/152},
 eid = {152},
 eprint = {1610.05910},
 journal = {\apj},
 keywords = {galaxies: evolution, galaxies: formation, quasars: general, Astrophysics - Astrophysics of Galaxies, Astrophysics - Cosmology and Nongalactic Astrophysics},
 month = {December},
 number = {2},
 pages = {152},
 primaryclass = {astro-ph.GA},
 title = {{The Main Sequences of Star-forming Galaxies and Active Galactic Nuclei at High Redshift}},
 volume = {833},
 year = {2016}
}

@article{2016ApJS..222...10S,
 adsnote = {Provided by the SAO/NASA Astrophysics Data System},
 adsurl = {https://ui.adsabs.harvard.edu/abs/2016ApJS..222...10S},
 archiveprefix = {arXiv},
 author = {{Savorgnan}, G.~A.~D. and {Graham}, A.~W.},
 doi = {10.3847/0067-0049/222/1/10},
 eid = {10},
 eprint = {1511.07446},
 journal = {\apjs},
 keywords = {black hole physics, galaxies: bulges, galaxies: elliptical and lenticular, cD, galaxies: evolution, galaxies: structure, Astrophysics - Astrophysics of Galaxies},
 month = {Jan},
 number = {1},
 pages = {10},
 primaryclass = {astro-ph.GA},
 title = {{Supermassive Black Holes and Their Host Spheroids. I. Disassembling Galaxies}},
 volume = {222},
 year = {2016}
}

@article{2016ApJS..224...24L,
 adsnote = {Provided by the SAO/NASA Astrophysics Data System},
 adsurl = {https://ui.adsabs.harvard.edu/abs/2016ApJS..224...24L},
 archiveprefix = {arXiv},
 author = {{Laigle}, C. and {McCracken}, H.~J. and {Ilbert}, O. and {Hsieh}, B.~C. and
{Davidzon}, I. and {Capak}, P. and {Hasinger}, G. and
{Silverman}, J.~D. and {Pichon}, C. and {Coupon}, J. and {Aussel}, H. and
{Le Borgne}, D. and {Caputi}, K. and {Cassata}, P. and {Chang}, Y. -Y. and
{Civano}, F. and {Dunlop}, J. and {Fynbo}, J. and {Kartaltepe}, J.~S. and
{Koekemoer}, A. and {Le F{\`e}vre}, O. and {Le Floc'h}, E. and
{Leauthaud}, A. and {Lilly}, S. and {Lin}, L. and {Marchesi}, S. and
{Milvang-Jensen}, B. and {Salvato}, M. and {Sanders}, D.~B. and
{Scoville}, N. and {Smolcic}, V. and {Stockmann}, M. and
{Taniguchi}, Y. and {Tasca}, L. and {Toft}, S. and {Vaccari}, Mattia and
{Zabl}, J.},
 doi = {10.3847/0067-0049/224/2/24},
 eid = {24},
 eprint = {1604.02350},
 journal = {\apjs},
 keywords = {catalogs, galaxies: evolution, galaxies: high-redshift, galaxies: photometry, methods: observational, techniques: photometric, Astrophysics - Astrophysics of Galaxies, Astrophysics - Cosmology and Nongalactic Astrophysics},
 month = {Jun},
 number = {2},
 pages = {24},
 primaryclass = {astro-ph.GA},
 title = {{The COSMOS2015 Catalog: Exploring the 1 \&lt; z \&lt; 6 Universe with Half a Million Galaxies}},
 volume = {224},
 year = {2016}
}

@article{2016MNRAS.458L..14F,
 adsnote = {Provided by the SAO/NASA Astrophysics Data System},
 adsurl = {https://ui.adsabs.harvard.edu/abs/2016MNRAS.458L..14F},
 archiveprefix = {arXiv},
 author = {{Feldmann}, Robert and {Hopkins}, Philip F. and {Quataert}, Eliot and
{Faucher-Gigu{\`e}re}, Claude-Andr{\'e} and {Kere{\v{s}}}, Du{\v{s}}an},
 doi = {10.1093/mnrasl/slw014},
 eprint = {1601.04704},
 journal = {\mnras},
 keywords = {galaxies: evolution, galaxies: formation, galaxies: high-redshift, galaxies: star formation, Astrophysics - Astrophysics of Galaxies},
 month = {May},
 number = {1},
 pages = {L14-L18},
 primaryclass = {astro-ph.GA},
 title = {{The formation of massive, quiescent galaxies at cosmic noon}},
 volume = {458},
 year = {2016}
}

@article{2016MNRAS.460.3119S,
 adsnote = {Provided by the SAO/NASA Astrophysics Data System},
 adsurl = {https://ui.adsabs.harvard.edu/abs/2016MNRAS.460.3119S},
 archiveprefix = {arXiv},
 author = {{Shankar}, Francesco and {Bernardi}, Mariangela and {Sheth}, Ravi K. and
{Ferrarese}, Laura and {Graham}, Alister W. and {Savorgnan}, Giulia and
{Allevato}, Viola and {Marconi}, Alessandro and {L{\"a}sker}, Ronald and
{Lapi}, Andrea},
 doi = {10.1093/mnras/stw678},
 eprint = {1603.01276},
 journal = {\mnras},
 keywords = {black hole physics, galaxies: fundamental parameters, galaxies: nuclei, galaxies: structure, Astrophysics - Astrophysics of Galaxies, Astrophysics - Cosmology and Nongalactic Astrophysics},
 month = {Aug},
 number = {3},
 pages = {3119-3142},
 primaryclass = {astro-ph.GA},
 title = {{Selection bias in dynamically measured supermassive black hole samples: its consequences and the quest for the most fundamental relation}},
 volume = {460},
 year = {2016}
}

@article{2017ApJ...840...47B,
 adsnote = {Provided by the SAO/NASA Astrophysics Data System},
 adsurl = {https://ui.adsabs.harvard.edu/abs/2017ApJ...840...47B},
 archiveprefix = {arXiv},
 author = {{Barro}, Guillermo and {Faber}, S.~M. and {Koo}, David C. and
{Dekel}, Avishai and {Fang}, Jerome J. and {Trump}, Jonathan R. and
{P{\'e}rez-Gonz{\'a}lez}, Pablo G. and {Pacifici}, Camilla and
{Primack}, Joel R. and {Somerville}, Rachel S. and {Yan}, Haojing and
{Guo}, Yicheng and {Liu}, Fengshan and {Ceverino}, Daniel and
{Kocevski}, Dale D. and {McGrath}, Elizabeth},
 doi = {10.3847/1538-4357/aa6b05},
 eid = {47},
 eprint = {1509.00469},
 journal = {\apj},
 keywords = {galaxies: evolution, galaxies: formation, galaxies: high-redshift, galaxies: structure, Astrophysics - Astrophysics of Galaxies},
 month = {May},
 number = {1},
 pages = {47},
 primaryclass = {astro-ph.GA},
 title = {{Structural and Star-forming Relations since z ̃ 3: Connecting Compact Star-forming and Quiescent Galaxies}},
 volume = {840},
 year = {2017}
}

@article{2017ApJ...842...72Y,
 adsnote = {Provided by the SAO/NASA Astrophysics Data System},
 adsurl = {https://ui.adsabs.harvard.edu/abs/2017ApJ...842...72Y},
 archiveprefix = {arXiv},
 author = {{Yang}, G. and {Chen}, C. -T.~J. and {Vito}, F. and {Brandt}, W.~N. and
{Alexander}, D.~M. and {Luo}, B. and {Sun}, M.~Y. and {Xue}, Y.~Q. and
{Bauer}, F.~E. and {Koekemoer}, A.~M. and {Lehmer}, B.~D. and
{Liu}, T. and {Schneider}, D.~P. and {Shemmer}, O. and {Trump}, J.~R. and
{Vignali}, C. and {Wang}, J. -X.},
 doi = {10.3847/1538-4357/aa7564},
 eid = {72},
 eprint = {1704.06658},
 journal = {\apj},
 keywords = {galaxies: active, galaxies: evolution, galaxies: nuclei, quasars: supermassive black holes, X-rays: galaxies, Astrophysics - High Energy Astrophysical Phenomena, Astrophysics - Astrophysics of Galaxies},
 month = {Jun},
 number = {2},
 pages = {72},
 primaryclass = {astro-ph.HE},
 title = {{Black Hole Growth Is Mainly Linked to Host-galaxy Stellar Mass Rather Than Star Formation Rate}},
 volume = {842},
 year = {2017}
}

@article{2017ApJ...842..131S,
 adsnote = {Provided by the SAO/NASA Astrophysics Data System},
 adsurl = {https://ui.adsabs.harvard.edu/abs/2017ApJ...842..131S},
 archiveprefix = {arXiv},
 author = {{She}, Rui and {Ho}, Luis C. and {Feng}, Hua},
 doi = {10.3847/1538-4357/aa7634},
 eid = {131},
 eprint = {1706.01201},
 journal = {\apj},
 keywords = {galaxies: active, galaxies: nuclei, galaxies: Seyfert, X-rays: galaxies, Astrophysics - Astrophysics of Galaxies, Astrophysics - High Energy Astrophysical Phenomena},
 month = {Jun},
 number = {2},
 pages = {131},
 primaryclass = {astro-ph.GA},
 title = {{Chandra Survey of Nearby Galaxies: A Significant Population of Candidate Central Black Holes in Late-type Galaxies}},
 volume = {842},
 year = {2017}
}

@article{2017ApJ...849...45C,
 adsnote = {Provided by the SAO/NASA Astrophysics Data System},
 adsurl = {https://ui.adsabs.harvard.edu/abs/2017ApJ...849...45C},
 archiveprefix = {arXiv},
 author = {{Caputi}, K.~I. and {Deshmukh}, S. and {Ashby}, M.~L.~N. and
{Cowley}, W.~I. and {Bisigello}, L. and {Fazio}, G.~G. and
{Fynbo}, J.~P.~U. and {Le F{\`e}vre}, O. and {Milvang-Jensen}, B. and
{Ilbert}, O.},
 doi = {10.3847/1538-4357/aa901e},
 eid = {45},
 eprint = {1705.06179},
 journal = {\apj},
 keywords = {galaxies: evolution, galaxies: high-redshift, galaxies: star formation, galaxies: starburst, infrared: galaxies, Astrophysics - Astrophysics of Galaxies, Astrophysics - Cosmology and Nongalactic Astrophysics},
 month = {Nov},
 number = {1},
 pages = {45},
 primaryclass = {astro-ph.GA},
 title = {{Star Formation in Galaxies at z ̃ 4-5 from the SMUVS Survey: A Clear Starburst/Main-sequence Bimodality for H{\ensuremath{\alpha}} Emitters on the SFR-M* Plane}},
 volume = {849},
 year = {2017}
}

@article{2017MNRAS.465.3390A,
 adsnote = {Provided by the SAO/NASA Astrophysics Data System},
 adsurl = {https://ui.adsabs.harvard.edu/abs/2017MNRAS.465.3390A},
 archiveprefix = {arXiv},
 author = {{Aird}, J. and {Coil}, A.~L. and {Georgakakis}, A.},
 doi = {10.1093/mnras/stw2932},
 eprint = {1611.03508},
 journal = {\mnras},
 keywords = {galaxies: evolution, galaxies: star formation, X-rays: galaxies, Astrophysics - Astrophysics of Galaxies, Astrophysics - High Energy Astrophysical Phenomena},
 month = {Mar},
 number = {3},
 pages = {3390-3415},
 primaryclass = {astro-ph.GA},
 title = {{X-rays across the galaxy population - I. Tracing the main sequence of star formation}},
 volume = {465},
 year = {2017}
}

@article{2017MNRAS.466.4029S,
 adsnote = {Provided by the SAO/NASA Astrophysics Data System},
 adsurl = {https://ui.adsabs.harvard.edu/abs/2017MNRAS.466.4029S},
 archiveprefix = {arXiv},
 author = {{Shankar}, Francesco and {Bernardi}, Mariangela and {Sheth}, Ravi K.},
 doi = {10.1093/mnras/stw3368},
 eprint = {1701.01732},
 journal = {\mnras},
 keywords = {black hole physics, galaxies: fundamental parameters, galaxies: nuclei, galaxies: structure, Astrophysics - Astrophysics of Galaxies, Astrophysics - Cosmology and Nongalactic Astrophysics},
 month = {Apr},
 number = {4},
 pages = {4029-4039},
 primaryclass = {astro-ph.GA},
 title = {{Selection bias in dynamically measured supermassive black hole samples: dynamical masses and dependence on S{\'e}rsic index}},
 volume = {466},
 year = {2017}
}

@article{2017NatAs...1E.165H,
 adsnote = {Provided by the SAO/NASA Astrophysics Data System},
 adsurl = {https://ui.adsabs.harvard.edu/abs/2017NatAs...1E.165H},
 archiveprefix = {arXiv},
 author = {{Harrison}, C.~M.},
 doi = {10.1038/s41550-017-0165},
 eid = {0165},
 eprint = {1703.06889},
 journal = {Nature Astronomy},
 keywords = {Astrophysics - Astrophysics of Galaxies, Astrophysics - Cosmology and Nongalactic Astrophysics},
 month = {July},
 pages = {0165},
 primaryclass = {astro-ph.GA},
 title = {{Impact of supermassive black hole growth on star formation}},
 volume = {1},
 year = {2017}
}

@article{2018ApJ...857...22L,
 adsnote = {Provided by the SAO/NASA Astrophysics Data System},
 adsurl = {https://ui.adsabs.harvard.edu/abs/2018ApJ...857...22L},
 archiveprefix = {arXiv},
 author = {{Lapi}, A. and {Pantoni}, L. and {Zanisi}, L. and {Shi}, J. and {Mancuso}, C. and {Massardi}, M. and {Shankar}, F. and {Bressan}, A. and {Danese}, L.},
 doi = {10.3847/1538-4357/aab6af},
 eid = {22},
 eprint = {1803.04734},
 journal = {\apj},
 keywords = {galaxies: evolution, galaxies: fundamental parameters, galaxies: high-redshift, galaxies: kinematics and dynamics, galaxies: structure, Astrophysics - Astrophysics of Galaxies, Astrophysics - Cosmology and Nongalactic Astrophysics},
 month = {April},
 number = {1},
 pages = {22},
 primaryclass = {astro-ph.GA},
 title = {{The Dramatic Size and Kinematic Evolution of Massive Early-type Galaxies}},
 volume = {857},
 year = {2018}
}

@article{2018ApJ...857...64B,
 adsnote = {Provided by the SAO/NASA Astrophysics Data System},
 adsurl = {https://ui.adsabs.harvard.edu/abs/2018ApJ...857...64B},
 archiveprefix = {arXiv},
 author = {{Baronchelli}, I. and {Rodighiero}, G. and {Teplitz}, H.~I. and
{Scarlata}, C.~M. and {Franceschini}, A. and {Berta}, S. and
{Barrufet}, L. and {Vaccari}, M. and {Bonato}, M. and {Ciesla}, L. and
{Zanella}, A. and {Carraro}, R. and {Mancini}, C. and {Puglisi}, A. and
{Malkan}, M. and {Mei}, S. and {Marchetti}, L. and {Colbert}, J. and
{Sedgwick}, C. and {Serjeant}, S. and {Pearson}, C. and {Radovich}, M. and
{Grado}, A. and {Limatola}, L. and {Covone}, G.},
 doi = {10.3847/1538-4357/aab78b},
 eid = {64},
 eprint = {1803.06356},
 journal = {\apj},
 keywords = {galaxies: evolution, galaxies: groups: general, galaxies: star formation, infrared: galaxies, quasars: supermassive black holes, submillimeter: galaxies, Astrophysics - Astrophysics of Galaxies, Astrophysics - Cosmology and Nongalactic Astrophysics},
 month = {Apr},
 number = {1},
 pages = {64},
 primaryclass = {astro-ph.GA},
 title = {{The Spitzer-IRAC/MIPS Extragalactic Survey (SIMES). II. Enhanced Nuclear Accretion Rate in Galaxy Groups at z ̃ 0.2}},
 volume = {857},
 year = {2018}
}

@article{2018ApJ...865...43F,
 adsnote = {Provided by the SAO/NASA Astrophysics Data System},
 adsurl = {https://ui.adsabs.harvard.edu/abs/2018ApJ...865...43F},
 archiveprefix = {arXiv},
 author = {{Fornasini}, Francesca M. and {Civano}, Francesca and
{Fabbiano}, Giuseppina and {Elvis}, Martin and {Marchesi}, Stefano and
{Miyaji}, Takamitsu and {Zezas}, Andreas},
 doi = {10.3847/1538-4357/aada4e},
 eid = {43},
 eprint = {1808.00970},
 journal = {\apj},
 keywords = {galaxies: active, galaxies: starburst, X-rays: binaries, X-rays: galaxies, Astrophysics - High Energy Astrophysical Phenomena},
 month = {Sep},
 number = {1},
 pages = {43},
 primaryclass = {astro-ph.HE},
 title = {{Low-luminosity AGN and X-Ray Binary Populations in COSMOS Star-forming Galaxies}},
 volume = {865},
 year = {2018}
}

@article{2018ARA&A..56..625H,
 adsnote = {Provided by the SAO/NASA Astrophysics Data System},
 adsurl = {https://ui.adsabs.harvard.edu/abs/2018ARA&A..56..625H},
 archiveprefix = {arXiv},
 author = {{Hickox}, Ryan C. and {Alexander}, David M.},
 doi = {10.1146/annurev-astro-081817-051803},
 eprint = {1806.04680},
 journal = {\araa},
 keywords = {Astrophysics - Astrophysics of Galaxies, Astrophysics - Cosmology and Nongalactic Astrophysics},
 month = {September},
 pages = {625-671},
 primaryclass = {astro-ph.GA},
 title = {{Obscured Active Galactic Nuclei}},
 volume = {56},
 year = {2018}
}

@article{2018MNRAS.473.2378V,
 adsnote = {Provided by the SAO/NASA Astrophysics Data System},
 adsurl = {https://ui.adsabs.harvard.edu/abs/2018MNRAS.473.2378V},
 archiveprefix = {arXiv},
 author = {{Vito}, F. and {Brandt}, W.~N. and {Yang}, G. and {Gilli}, R. and
{Luo}, B. and {Vignali}, C. and {Xue}, Y.~Q. and {Comastri}, A. and
{Koekemoer}, A.~M. and {Lehmer}, B.~D. and {Liu}, T. and
{Paolillo}, M. and {Ranalli}, P. and {Schneider}, D.~P. and
{Shemmer}, O. and {Volonteri}, M. and {Wang}, J.},
 doi = {10.1093/mnras/stx2486},
 eprint = {1709.07892},
 journal = {\mnras},
 keywords = {methods: data analysis, surveys, galaxies: active, galaxies: evolution, galaxies: high-redshift, X-rays: galaxies, Astrophysics - Astrophysics of Galaxies},
 month = {January},
 number = {2},
 pages = {2378-2406},
 primaryclass = {astro-ph.GA},
 title = {{High-redshift AGN in the Chandra Deep Fields: the obscured fraction and space density of the sub-L$_{*}$ population}},
 volume = {473},
 year = {2018}
}

@article{2018MNRAS.474.1225A,
 adsnote = {Provided by the SAO/NASA Astrophysics Data System},
 adsurl = {https://ui.adsabs.harvard.edu/abs/2018MNRAS.474.1225A},
 archiveprefix = {arXiv},
 author = {{Aird}, J. and {Coil}, A.~L. and {Georgakakis}, A.},
 doi = {10.1093/mnras/stx2700},
 eprint = {1705.01132},
 journal = {\mnras},
 keywords = {Astrophysics - High Energy Astrophysical Phenomena},
 month = {Jan},
 pages = {1225-1249},
 primaryclass = {astro-ph.HE},
 title = {{X-rays across the galaxy population - II. The distribution of AGN accretion rates as a function of stellar mass and redshift.}},
 volume = {474},
 year = {2018}
}

@article{2018MNRAS.475.1887Y,
 adsnote = {Provided by the SAO/NASA Astrophysics Data System},
 adsurl = {https://ui.adsabs.harvard.edu/abs/2018MNRAS.475.1887Y},
 archiveprefix = {arXiv},
 author = {{Yang}, G. and {Brandt}, W.~N. and {Vito}, F. and {Chen}, C. -T.~J. and
{Trump}, J.~R. and {Luo}, B. and {Sun}, M.~Y. and {Xue}, Y.~Q. and
{Koekemoer}, A.~M. and {Schneider}, D.~P. and {Vignali}, C. and
{Wang}, J. -X.},
 doi = {10.1093/mnras/stx2805},
 eprint = {1710.09399},
 journal = {\mnras},
 keywords = {galaxies: active, galaxies: evolution, galaxies: nuclei, X-rays: galaxies, Astrophysics - Astrophysics of Galaxies, Astrophysics - High Energy Astrophysical Phenomena},
 month = {Apr},
 number = {2},
 pages = {1887-1911},
 primaryclass = {astro-ph.GA},
 title = {{Linking black hole growth with host galaxies: the accretion-stellar mass relation and its cosmic evolution}},
 volume = {475},
 year = {2018}
}

@article{2018NatAs...2..239G,
 adsnote = {Provided by the SAO/NASA Astrophysics Data System},
 adsurl = {https://ui.adsabs.harvard.edu/abs/2018NatAs...2..239G},
 archiveprefix = {arXiv},
 author = {{Gobat}, R. and {Daddi}, E. and {Magdis}, G. and {Bournaud}, F. and
{Sargent}, M. and {Martig}, M. and {Jin}, S. and {Finoguenov}, A. and
{B{\'e}thermin}, M. and {Hwang}, H.~S. and {Renzini}, A. and
{Wilson}, G.~W. and {Aretxaga}, I. and {Yun}, M. and {Strazzullo}, V. and
{Valentino}, F.},
 doi = {10.1038/s41550-017-0352-5},
 eprint = {1703.02207},
 journal = {Nature Astronomy},
 keywords = {Astrophysics - Astrophysics of Galaxies},
 month = {Jan},
 pages = {239-246},
 primaryclass = {astro-ph.GA},
 title = {{The unexpectedly large dust and gas content of quiescent galaxies at z \&gt; 1.4}},
 volume = {2},
 year = {2018}
}

@article{2019AJ....157..233R,
 adsnote = {Provided by the SAO/NASA Astrophysics Data System},
 adsurl = {https://ui.adsabs.harvard.edu/abs/2019AJ....157..233R},
 archiveprefix = {arXiv},
 author = {{Riguccini}, Laurie A. and {Treister}, Ezequiel and
{Men{\'e}ndez-Delmestre}, Karin and {Cardamone}, Carolin and
{Civano}, Francesca and {Gon{\c{c}}alves}, Thiago S. and
{Hasinger}, Guenther and {Koekemoer}, Anton M. and {Lanzuisi}, Giorgio and
{Le Floc'h}, Emeric and {Lusso}, Elisabeta and {Lutz}, Dieter and
{Marchesi}, Stefano and {Miyaji}, Takamitsu and {Pozzi}, Francesca and
{Ricci}, Claudio and {Rodighiero}, Giulia and {Salvato}, Mara and {Sand
ers}, Dave and {Schawinski}, Kevin and {Suh}, Hyewon},
 doi = {10.3847/1538-3881/ab16cd},
 eid = {233},
 eprint = {1904.04263},
 journal = {The Astronomical Journal},
 keywords = {cosmology: observations, galaxies: high-redshift, infrared: galaxies, Astrophysics - Astrophysics of Galaxies},
 month = {Jun},
 number = {6},
 pages = {233},
 primaryclass = {astro-ph.GA},
 title = {{The Composite Nature of Dust-obscured Galaxies (DOGs) at z {\ensuremath{\sim}} 2─3 in the COSMOS Field. II. The AGN Fraction}},
 volume = {157},
 year = {2019}
}

@article{2019ApJ...871..240A,
 adsnote = {Provided by the SAO/NASA Astrophysics Data System},
 adsurl = {https://ui.adsabs.harvard.edu/abs/2019ApJ...871..240A},
 archiveprefix = {arXiv},
 author = {{Ananna}, Tonima Tasnim and {Treister}, Ezequiel and {Urry}, C. Megan and
{Ricci}, C. and {Kirkpatrick}, Allison and {LaMassa}, Stephanie and
{Buchner}, Johannes and {Civano}, Francesca and {Tremmel}, Michael and
{Marchesi}, Stefano},
 doi = {10.3847/1538-4357/aafb77},
 eid = {240},
 eprint = {1810.02298},
 journal = {\apj},
 keywords = {galaxies: active, Galaxy: center, Galaxy: evolution, methods: data analysis, quasars: supermassive black holes, X-rays: diffuse background, Astrophysics - Astrophysics of Galaxies, Astrophysics - High Energy Astrophysical Phenomena},
 month = {Feb},
 number = {2},
 pages = {240},
 primaryclass = {astro-ph.GA},
 title = {{The Accretion History of AGNs. I. Supermassive Black Hole Population Synthesis Model}},
 volume = {871},
 year = {2019}
}

@article{2019ApJ...872..168S,
 adsnote = {Provided by the SAO/NASA Astrophysics Data System},
 adsurl = {https://ui.adsabs.harvard.edu/abs/2019ApJ...872..168S},
 archiveprefix = {arXiv},
 author = {{Suh}, Hyewon and {Civano}, Francesca and {Hasinger}, G{\"u}nther and
{Lusso}, Elisabeta and {Marchesi}, Stefano and {Schulze}, Andreas and
{Onodera}, Masato and {Rosario}, David J. and {Sanders}, David B.},
 doi = {10.3847/1538-4357/ab01fb},
 eid = {168},
 eprint = {1902.03244},
 journal = {\apj},
 keywords = {galaxies: active, galaxies: evolution, galaxies: nuclei, quasars: general, Astrophysics - Astrophysics of Galaxies},
 month = {Feb},
 number = {2},
 pages = {168},
 primaryclass = {astro-ph.GA},
 title = {{Multi-wavelength Properties of Type 1 and Type 2 AGN Host Galaxies in the Chandra-COSMOS Legacy Survey}},
 volume = {872},
 year = {2019}
}

@article{2019ApJ...876..155S,
 adsnote = {Provided by the SAO/NASA Astrophysics Data System},
 adsurl = {https://ui.adsabs.harvard.edu/abs/2019ApJ...876..155S},
 archiveprefix = {arXiv},
 author = {{Sahu}, Nandini and {Graham}, Alister W. and {Davis}, Benjamin L.},
 doi = {10.3847/1538-4357/ab0f32},
 eid = {155},
 eprint = {1903.04738},
 journal = {\apj},
 keywords = {black hole physics, galaxies: bulges, galaxies: elliptical and lenticular, cD, galaxies: evolution, galaxies: photometry, galaxies: structure, Astrophysics - Astrophysics of Galaxies},
 month = {May},
 number = {2},
 pages = {155},
 primaryclass = {astro-ph.GA},
 title = {{Black Hole Mass Scaling Relations for Early-type Galaxies. I. M $_{BH}$-M $_{*,}$ $_{sph}$ and M $_{BH}$-M $_{*,gal}$}},
 volume = {876},
 year = {2019}
}

@article{2019ApJ...877L..38R,
 adsnote = {Provided by the SAO/NASA Astrophysics Data System},
 adsurl = {https://ui.adsabs.harvard.edu/abs/2019ApJ...877L..38R},
 archiveprefix = {arXiv},
 author = {{Rodighiero}, G. and {Enia}, A. and {Delvecchio}, I. and {Lapi}, A. and
{Magdis}, G.~E. and {Rujopakarn}, W. and {Mancini}, C. and
{Rodr{\'\i}guez-Mu{\~n}oz}, L. and {Carraro}, R. and {Iani}, E. and
{Negrello}, M. and {Franceschini}, A. and {Renzini}, A. and
{Gruppioni}, C. and {Perna}, M. and {Baronchelli}, I. and
{Puglisi}, A. and {Cassata}, P. and {Daddi}, E. and {Morselli}, L. and
{Silverman}, J.},
 doi = {10.3847/2041-8213/ab222e},
 eid = {L38},
 eprint = {1905.06955},
 journal = {\apjl},
 keywords = {galaxies: active, galaxies: evolution, galaxies: formation, galaxies: high-redshift, galaxies: starburst, infrared: galaxies, Astrophysics - Astrophysics of Galaxies},
 month = {Jun},
 number = {2},
 pages = {L38},
 primaryclass = {astro-ph.GA},
 title = {{Active Galactic Nuclei in Dusty Starbursts at z = 2: Feedback Still to Kick in}},
 volume = {877},
 year = {2019}
}

@article{2019ApJ...885L..36D,
 adsnote = {Provided by the SAO/NASA Astrophysics Data System},
 adsurl = {https://ui.adsabs.harvard.edu/abs/2019ApJ...885L..36D},
 archiveprefix = {arXiv},
 author = {{Delvecchio}, I. and {Daddi}, E. and {Shankar}, F. and
{Mullaney}, J.~R. and {Zamorani}, G. and {Aird}, J. and {Bernhard}, E. and
{Cimatti}, A. and {Elbaz}, D. and {Giavalisco}, M. and
{Grimmett}, L.~P.},
 doi = {10.3847/2041-8213/ab4e21},
 eid = {L36},
 eprint = {1910.08114},
 journal = {\apjl},
 keywords = {Active galaxies, Galaxy evolution, AGN host galaxies, Galaxy dark matter halos, Supermassive black holes, Astrophysics - Astrophysics of Galaxies},
 month = {Nov},
 number = {2},
 pages = {L36},
 primaryclass = {astro-ph.GA},
 title = {{The Galaxy{\textquoteright}s Gas Content Regulated by the Dark Matter Halo Mass Results in a Superlinear M $_{BH}$-M $_{{\ensuremath{\star}}}$ Relation}},
 volume = {885},
 year = {2019}
}

@article{2019ApJS..243...22B,
 adsnote = {Provided by the SAO/NASA Astrophysics Data System},
 adsurl = {https://ui.adsabs.harvard.edu/abs/2019ApJS..243...22B},
 archiveprefix = {arXiv},
 author = {{Barro}, Guillermo and {P{\'e}rez-Gonz{\'a}lez}, Pablo G. and
{Cava}, Antonio and {Brammer}, Gabriel and {Pandya}, Viraj and
{Eliche Moral}, Carmen and {Esquej}, Pilar and
{Dom{\'\i}nguez-S{\'a}nchez}, Helena and {Alcalde Pampliega}, Belen and
{Guo}, Yicheng and {Koekemoer}, Anton M. and {Trump}, Jonathan R. and
{Ashby}, Matthew L.~N. and {Cardiel}, Nicolas and {Castellano}, Marco and
{Conselice}, Christopher J. and {Dickinson}, Mark E. and
{Dolch}, Timothy and {Donley}, Jennifer L. and
{Espino Briones}, N{\'e}stor and {Faber}, Sandra M. and
{Fazio}, Giovanni G. and {Ferguson}, Henry and {Finkelstein}, Steve and
{Fontana}, Adriano and {Galametz}, Audrey and {Gardner}, Jonathan P. and
{Gawiser}, Eric and {Giavalisco}, Mauro and {Grazian}, Andrea and
{Grogin}, Norman A. and {Hathi}, Nimish P. and {Hemmati}, Shoubaneh and
{Hern{\'a}n-Caballero}, Antonio and {Kocevski}, Dale and
{Koo}, David C. and {Kodra}, Dritan and {Lee}, Kyoung-Soo and
{Lin}, Lihwai and {Lucas}, Ray A. and {Mobasher}, Bahram and
{McGrath}, Elizabeth J. and {Nandra}, Kirpal and {Nayyeri}, Hooshang and
{Newman}, Jeffrey A. and {Pforr}, Janine and {Peth}, Michael and
{Rafelski}, Marc and {Rodr{\'\i}guez-Munoz}, Lucia and {Salvato}, Mara and
{Stefanon}, Mauro and {van der Wel}, Arjen and {Willner}, Steven P. and
{Wiklind}, Tommy and {Wuyts}, Stijn},
 doi = {10.3847/1538-4365/ab23f2},
 eid = {22},
 eprint = {1908.00569},
 journal = {\apjs},
 keywords = {galaxies: high-redshift, galaxies: photometry, Astrophysics - Astrophysics of Galaxies},
 month = {August},
 number = {2},
 pages = {22},
 primaryclass = {astro-ph.GA},
 title = {{The CANDELS/SHARDS Multiwavelength Catalog in GOODS-N: Photometry, Photometric Redshifts, Stellar Masses, Emission-line Fluxes, and Star Formation Rates}},
 volume = {243},
 year = {2019}
}

@article{2019MNRAS.482.4454W,
 adsnote = {Provided by the SAO/NASA Astrophysics Data System},
 adsurl = {https://ui.adsabs.harvard.edu/abs/2019MNRAS.482.4454W},
 archiveprefix = {arXiv},
 author = {{Wang}, Lan and {De Lucia}, Gabriella and {Fontanot}, Fabio and {Hirschmann}, Michaela},
 doi = {10.1093/mnras/sty2998},
 eprint = {1809.06026},
 journal = {\mnras},
 keywords = {galaxies: starburst, galaxies: star formation, Astrophysics - Astrophysics of Galaxies},
 month = {February},
 number = {4},
 pages = {4454-4465},
 primaryclass = {astro-ph.GA},
 title = {{Starburst galaxies in semi-analytic models of galaxy formation and evolution}},
 volume = {482},
 year = {2019}
}

@article{2019MNRAS.484.4360A,
 adsnote = {Provided by the SAO/NASA Astrophysics Data System},
 adsurl = {https://ui.adsabs.harvard.edu/abs/2019MNRAS.484.4360A},
 archiveprefix = {arXiv},
 author = {{Aird}, J. and {Coil}, A.~L. and {Georgakakis}, A.},
 doi = {10.1093/mnras/stz125},
 eprint = {1810.04683},
 journal = {\mnras},
 keywords = {galaxies: active, galaxies: evolution, galaxies: star formation, X-rays: galaxies, Astrophysics - Astrophysics of Galaxies},
 month = {Apr},
 number = {3},
 pages = {4360-4378},
 primaryclass = {astro-ph.GA},
 title = {{X-rays across the galaxy population - III. The incidence of AGN as a function of star formation rate}},
 volume = {484},
 year = {2019}
}

@article{2019MNRAS.485.1278S,
 adsnote = {Provided by the SAO/NASA Astrophysics Data System},
 adsurl = {https://ui.adsabs.harvard.edu/abs/2019MNRAS.485.1278S},
 archiveprefix = {arXiv},
 author = {{Shankar}, Francesco and {Bernardi}, Mariangela and
{Richardson}, Kayleigh and {Marsden}, Christopher and {Sheth}, Ravi K. and
{Allevato}, Viola and {Graziani}, Luca and {Mezcua}, Mar and
{Ricci}, Federica and {Penny}, Samantha J. and {La Franca}, Fabio and
{Pacucci}, Fabio},
 doi = {10.1093/mnras/stz376},
 eprint = {1901.11036},
 journal = {\mnras},
 keywords = {black hole physics, galaxies: fundamental parameters, galaxies: nuclei, galaxies: structure, Astrophysics - Astrophysics of Galaxies, Astrophysics - Cosmology and Nongalactic Astrophysics},
 month = {May},
 number = {1},
 pages = {1278-1292},
 primaryclass = {astro-ph.GA},
 title = {{Black hole scaling relations of active and quiescent galaxies: Addressing selection effects and constraining virial factors}},
 volume = {485},
 year = {2019}
}

@article{2019NatAs...3...48S,
 adsnote = {Provided by the SAO/NASA Astrophysics Data System},
 adsurl = {https://ui.adsabs.harvard.edu/abs/2019NatAs...3...48S},
 archiveprefix = {arXiv},
 author = {{Storchi-Bergmann}, Thaisa and {Schnorr-M{\"u}ller}, Allan},
 doi = {10.1038/s41550-018-0611-0},
 eprint = {1904.03338},
 journal = {Nature Astronomy},
 keywords = {Astrophysics - Astrophysics of Galaxies},
 month = {January},
 pages = {48-61},
 primaryclass = {astro-ph.GA},
 title = {{Observational constraints on the feeding of supermassive black holes}},
 volume = {3},
 year = {2019}
}

@article{2020A&A...643A...8G,
 adsnote = {Provided by the SAO/NASA Astrophysics Data System},
 adsurl = {https://ui.adsabs.harvard.edu/abs/2020A&A...643A...8G},
 archiveprefix = {arXiv},
 author = {{Gruppioni}, C. and {B{\'e}thermin}, M. and {Loiacono}, F. and
{Le F{\`e}vre}, O. and {Capak}, P. and {Cassata}, P. and
{Faisst}, A.~L. and {Schaerer}, D. and {Silverman}, J. and {Yan}, L. and
{Bardelli}, S. and {Boquien}, M. and {Carraro}, R. and {Cimatti}, A. and
{Dessauges-Zavadsky}, M. and {Ginolfi}, M. and {Fujimoto}, S. and
{Hathi}, N.~P. and {Jones}, G.~C. and {Khusanova}, Y. and
{Koekemoer}, A.~M. and {Lagache}, G. and {Lemaux}, B.~C. and
{Oesch}, P.~A. and {Pozzi}, F. and {Riechers}, D.~A. and
{Rodighiero}, G. and {Romano}, M. and {Talia}, M. and {Vallini}, L. and
{Vergani}, D. and {Zamorani}, G. and {Zucca}, E.},
 doi = {10.1051/0004-6361/202038487},
 eid = {A8},
 eprint = {2006.04974},
 journal = {\aap},
 keywords = {galaxies: evolution, galaxies: high-redshift, galaxies: luminosity function, mass function, cosmology: observations, submillimeter: galaxies, Astrophysics - Astrophysics of Galaxies, Astrophysics - Cosmology and Nongalactic Astrophysics},
 month = {November},
 pages = {A8},
 primaryclass = {astro-ph.GA},
 title = {{The ALPINE-ALMA [CII] survey. The nature, luminosity function, and star formation history of dusty galaxies up to z ≃ 6}},
 volume = {643},
 year = {2020}
}

@article{2020ApJ...888...37D,
 adsnote = {Provided by the SAO/NASA Astrophysics Data System},
 adsurl = {https://ui.adsabs.harvard.edu/abs/2020ApJ...888...37D},
 archiveprefix = {arXiv},
 author = {{Ding}, Xuheng and {Silverman}, John and {Treu}, Tommaso and
{Schulze}, Andreas and {Schramm}, Malte and {Birrer}, Simon and
{Park}, Daeseong and {Jahnke}, Knud and {Bennert}, Vardha N. and
{Kartaltepe}, Jeyhan S. and {Koekemoer}, Anton M. and
{Malkan}, Matthew A. and {Sanders}, David},
 doi = {10.3847/1538-4357/ab5b90},
 eid = {37},
 eprint = {1910.11875},
 journal = {\apj},
 keywords = {Galaxy evolution, Active galaxies, Astrophysics - Astrophysics of Galaxies},
 month = {Jan},
 number = {1},
 pages = {37},
 primaryclass = {astro-ph.GA},
 title = {{The Mass Relations between Supermassive Black Holes and Their Host Galaxies at 1 \&lt; z \&lt; 2 HST-WFC3}},
 volume = {888},
 year = {2020}
}

@article{2020ApJ...889...32S,
 adsnote = {Provided by the SAO/NASA Astrophysics Data System},
 adsurl = {https://ui.adsabs.harvard.edu/abs/2020ApJ...889...32S},
 archiveprefix = {arXiv},
 author = {{Suh}, Hyewon and {Civano}, Francesca and {Trakhtenbrot}, Benny and
{Shankar}, Francesco and {Hasinger}, G{\"u}nther and {Sand
ers}, David B. and {Allevato}, Viola},
 doi = {10.3847/1538-4357/ab5f5f},
 eid = {32},
 eprint = {1912.02824},
 journal = {\apj},
 keywords = {Astrophysics - Astrophysics of Galaxies},
 month = {Jan},
 number = {1},
 pages = {32},
 primaryclass = {astro-ph.GA},
 title = {{No Significant Evolution of Relations between Black Hole Mass and Galaxy Total Stellar Mass Up to z ̃ 2.5}},
 volume = {889},
 year = {2020}
}

@article{2020ApJ...902..112B,
 adsnote = {Provided by the SAO/NASA Astrophysics Data System},
 adsurl = {https://ui.adsabs.harvard.edu/abs/2020ApJ...902..112B},
 archiveprefix = {arXiv},
 author = {{Bouwens}, Rychard and {Gonz{\'a}lez-L{\'o}pez}, Jorge and
{Aravena}, Manuel and {Decarli}, Roberto and {Novak}, Mladen and
{Stefanon}, Mauro and {Walter}, Fabian and {Boogaard}, Leindert and
{Carilli}, Chris and {Dudzevi{\v{c}}i{\={u}}t{\.{e}}}, Ugn{\.{e}} and
{Smail}, Ian and {Daddi}, Emanuele and {da Cunha}, Elisabete and
{Ivison}, Rob and {Nanayakkara}, Themiya and {Cortes}, Paulo and
{Cox}, Pierre and {Inami}, Hanae and {Oesch}, Pascal and
{Popping}, Gerg{\"o} and {Riechers}, Dominik and {van der Werf}, Paul and
{Weiss}, Axel and {Fudamoto}, Yoshi and {Wagg}, Jeff},
 doi = {10.3847/1538-4357/abb830},
 eid = {112},
 eprint = {2009.10727},
 journal = {\apj},
 keywords = {Lyman-break galaxies, Infrared excess, High-redshift galaxies, Dust continuum emission, Far infrared astronomy, 979, 788, 734, 412, 529, Astrophysics - Astrophysics of Galaxies},
 month = {October},
 number = {2},
 pages = {112},
 primaryclass = {astro-ph.GA},
 title = {{The ALMA Spectroscopic Survey Large Program: The Infrared Excess of z = 1.5-10 UV-selected Galaxies and the Implied High-redshift Star Formation History}},
 volume = {902},
 year = {2020}
}

@article{2020arXiv200708384K,
 adsnote = {Provided by the SAO/NASA Astrophysics Data System},
 adsurl = {https://ui.adsabs.harvard.edu/abs/2020arXiv200708384K},
 archiveprefix = {arXiv},
 author = {{Khusanova}, Y. and {B{\'e}thermin}, M. and {Le F{\`e}vre}, O. and
{Capak}, P. and {Faisst}, A.~L. and {Schaerer}, D. and
{Silverman}, J.~D. and {Cassata}, P. and {Yan}, L. and {Ginolfi}, M. and
{Fudamoto}, Y. and {Loiacono}, F. and {Amorin}, R. and {Bardelli}, S. and
{Boquien}, M. and {Cimatti}, A. and {Dessauges-Zavadsky}, M. and
{Gruppioni}, C. and {Hathi}, N.~P. and {Jones}, G.~C. and
{Koekemoer}, A.~M. and {Lagache}, G. and {Maiolino}, R. and
{Lemaux}, B.~C. and {Oesch}, P. and {Pozzi}, F. and {Riechers}, D.~A. and
{Romano}, M. and {Talia}, M. and {Toft}, S. and {Vergani}, D. and
{Zamorani}, G. and {Zucca}, E.},
 eid = {arXiv:2007.08384},
 eprint = {2007.08384},
 journal = {arXiv e-prints},
 keywords = {Astrophysics - Astrophysics of Galaxies},
 month = {July},
 pages = {arXiv:2007.08384},
 primaryclass = {astro-ph.GA},
 title = {{The ALPINE-ALMA [CII] Survey: Obscured Star Formation Rate Density and Main Sequence of star-forming galaxies at z>4}},
 year = {2020}
}

@article{2020MNRAS.493.1500S,
 adsnote = {Provided by the SAO/NASA Astrophysics Data System},
 adsurl = {https://ui.adsabs.harvard.edu/abs/2020MNRAS.493.1500S},
 archiveprefix = {arXiv},
 author = {{Shankar}, Francesco and {Weinberg}, David H. and
{Marsden}, Christopher and {Grylls}, Philip J. and
{Bernardi}, Mariangela and {Yang}, Guang and {Moster}, Benjamin and
{Fu}, Hao and {Carraro}, Rosamaria and {Alexander}, David M. and
{Allevato}, Viola and {Ananna}, Tonima T. and {Bongiorno}, Angela and
{Calderone}, Giorgio and {Civano}, Francesca and {Daddi}, Emanuele and
{Delvecchio}, Ivan and {Duras}, Federica and {La Franca}, Fabio and
{Lapi}, Andrea and {Lu}, Youjun and {Menci}, Nicola and {Mezcua}, Mar and
{Ricci}, Federica and {Rodighiero}, Giulia and {Sheth}, Ravi K. and
{Suh}, Hyewon and {Villforth}, Carolin and {Zanisi}, Lorenzo},
 doi = {10.1093/mnras/stz3522},
 eprint = {1912.06153},
 journal = {\mnras},
 keywords = {black hole physics, galaxies: fundamental parameters, galaxies: nuclei, quasars: supermassive black holes, galaxies: star formation, Astrophysics - Astrophysics of Galaxies, Astrophysics - Cosmology and Nongalactic Astrophysics, Astrophysics - High Energy Astrophysical Phenomena},
 month = {March},
 number = {1},
 pages = {1500-1511},
 primaryclass = {astro-ph.GA},
 title = {{Probing black hole accretion tracks, scaling relations, and radiative efficiencies from stacked X-ray active galactic nuclei}},
 volume = {493},
 year = {2020}
}

